1742 3080
807 194 1040 232 „2-

213 319 289 360 oris
326 319 385 359 sui
413 320 672 372 conprobant,
713 318 825 371 qui¹
856 319 961 359 vult
988 318 1154 359 filium
1182 318 1337 370 Regis
1364 318 1629 358 instruere

212 392 352 431 super
380 392 544 419 omnes
578 379 829 431 sapientes.
885 379 1017 419 Tunc
1044 378 1144 418 Rex
1180 377 1306 418 dixit
1333 377 1626 417 Sindebari:

212 438 446 478 Sindebar
474 438 828 487 facundissime,
857 438 895 478 si
924 437 1094 479 seceris
1123 438 1244 489 quod
1264 436 1444 485 dixisti,
1474 436 1626 484 viues3

211 497 287 537 sin
316 503 500 547 autem,
536 497 811 538 morieris.²
865 498 921 538 Et
950 497 1181 538 Sindebar
1208 496 1319 537 tulit
1346 496 1507 536 omnia
1534 509 1628 547 que

166 562 191 600 5
210 562 355 598 erant
382 556 478 597 sibi
505 557 801 597 necessaria
828 570 917 597 suo
946 554 1277 608 magisterio.⁸
1305 556 1352 596 Et
1370 556 1456 595 Rex
1475 556 1629 608 scripsit

208 630 357 657 annum
385 621 423 657 et
450 629 638 664 mensem,
667 615 768 656 diem
789 629 834 656 ac
851 615 1011 657 horam⁴
1030 621 1068 656 et
1086 616 1190 656 dedit
1208 615 1241 656 ei
1261 629 1437 667 puerum.
1479 616 1628 656 Deinde

209 675 401 716 Sindebar
435 676 655 716 hedificauit
690 681 784 716 tem
797 674 959 727 plum⁶
995 676 1102 716 iuxta
1137 676 1333 715 desertum
1368 680 1405 715 et
1433 675 1557 727 pinxit
1584 676 1625 715 in

208 740 308 776 tecto
334 740 439 776 astra
465 741 503 776 et
531 736 661 776 stellas
689 741 726 775 et
753 735 904 787 scripsit
931 735 971 774 in
1000 735 1209 787 parietibus
1237 748 1381 775 omne
1409 735 1624 786 lignum,

208 800 247 835 et
274 808 353 835 non
381 800 464 835 erat
491 794 663 843 cumeis,
691 800 850 846 excepto
864 808 940 834 vno
962 795 1143 835 eunucho
1162 793 1277 834 sene⁶
1301 795 1366 846 qui
1385 794 1628 834 ministrabat

142 857 192 896 10
207 854 274 895 eis.
330 854 476 894 Deinde
503 855 649 895 studuit
676 854 858 895 Sindibar
886 855 1097 894 breuiter
1122 860 1166 895 et
1185 853 1404 894 comode'
1433 855 1624 895 instruere

160 932 165 938 ·
207 926 383 966 puerum,
411 919 449 954 et
476 914 652 965 peruenit
677 915 726 954 ad
754 919 907 965 tempus
935 919 1133 954 statutum.
1174 914 1221 954 Et
1248 914 1336 954 fecit
1354 927 1445 954 eum
1473 915 1622 966 sapien-

207 973 344 1014 tiorem
371 973 609 1025 sapientibus
636 978 737 1013 terre
765 986 846 1014 sue.

206 1032 327 1121 Post
353 1039 427 1079 hec
453 1039 590 1079 direxit
617 1039 701 1079 Rex
729 1040 778 1079 ad
805 1039 1050 1079 Sindibarem
1075 1039 1228 1080 dicens:
1270 1039 1395 1080 Ecce
1424 1046 1593 1092 tempu
1609 1054 1629 1080 s

294 1097 580 1147 statutum⁸‚
610 1112 715 1139 nunc
743 1112 817 1150 que
845 1104 903 1138 est
930 1098 1168 1139 voluntas
1196 1099 1333 1140 tua?⁹
1370 1100 1457 1152 Hijs
1484 1100 1624 1140 auditis

141 1152 189 1191 15
208 1158 388 1199 Sindibar
415 1158 520 1198 misit
546 1159 594 1198 ad
622 1159 784 1209 Regem:
822 1158 862 1197 Si
883 1158 1004 1209 placet
1031 1157 1113 1209 tibi,
1142 1159 1299 1199 domine
1326 1159 1423 1207 Rex,
1452 1159 1622 1200 crastino

208 1217 334 1258 veniet
370 1219 417 1257 ad
454 1223 492 1257 te
527 1217 627 1257 filius
664 1223 753 1257 tuus
781 1218 879 1257 sicut
907 1223 965 1258 est
993 1218 1225 1258 desiderium
1253 1219 1382 1259 anime
1410 1225 1487 1259 tue.
1543 1219 1625 1258 Au-

208 1276 317 1317 diens
346 1277 430 1317 Rex
464 1278 603 1317 letatus
639 1282 697 1317 est
734 1277 982 1317 vehementer
1018 1283 1056 1317 et
1082 1278 1329 1329 congregauit
1357 1291 1495 1318 omnes
1523 1279 1625 1330 prin-

50 1334 174 1375 [1191
208 1336 311 1388 cipes
347 1341 448 1376 terre
484 1341 522 1376 et
557 1336 761 1388 sapientes.
787 1339 792 1385 Ι
818 1337 864 1376 Et
900 1336 941 1376 in
978 1336 1042 1377 illa
1079 1342 1194 1377 nocte
1227 1337 1322 1378 dixit
1358 1338 1540 1378 Sindibar
1576 1339 1625 1378 ad

209 1396 331 1436 filium
367 1395 487 1447 regis:
529 1396 609 1447 Ego
636 1396 724 1435 misi
753 1397 801 1436 ad
829 1401 978 1447 patrem
1005 1401 1117 1436 tuum
1145 1397 1334 1437 nuncium
1362 1402 1402 1437 vt
1429 1410 1514 1438 cras
1542 1411 1625 1449 per·

138 1460 191 1499 20
208 1469 276 1508 gas
303 1456 351 1496 ad
380 1468 482 1503 eum,
511 1461 549 1495 et
576 1469 656 1496 non
684 1455 815 1507 aspexi
843 1455 883 1495 in
912 1456 1150 1496 astronomia
1178 1456 1270 1508 quid
1297 1456 1466 1508 patiaris.
1511 1457 1626 1497 Nunc

208 1528 299 1566 ergo
325 1514 366 1555 in
394 1515 469 1555 hac
497 1520 608 1555 nocte
636 1514 836 1555 videamus
863 1515 903 1554 in
932 1516 1182 1556 astronomia.
1231 1516 1343 1556 Tunc
1371 1517 1519 1568 aspexit
1539 1517 1624 1557 Sin-

208 1573 317 1614 dibar
344 1574 384 1614 in
412 1574 650 1615 astronomia
678 1580 715 1614 et
744 1574 925 1626 cognouit
953 1576 1055 1626 quod
1083 1575 1116 1615 si
1149 1589 1246 1628 puer
1264 1577 1484 1627 loqueretur
1503 1589 1626 1628 usque

209 1635 258 1674 ad
270 1634 365 1674 .V11.
386 1633 479 1682 dies,
496 1635 598 1685 quod
617 1634 715 1674 mori
731 1635 898 1674 deberet.
933 1635 1017 1675 Hec
1029 1635 1165 1675 videns
1181 1635 1373 1676 Sindebar
1390 1650 1431 1675 m
1442 1636 1626 1676 auibus

209 1706 259 1733 se
286 1692 616 1734 verberans¹⁰
644 1694 756 1734 dixit:
798 1694 885 1734 Heu
921 1707 998 1743 me,
1037 1694 1127 1746 quid
1155 1699 1296 1746 agam?
1350 1695 1565 1748 Respondit
1591 1696 1628 1735 ei

137 1755 189 1795 25
208 1765 303 1804 puer
339 1758 376 1793 et
412 1752 524 1794 dixit:
579 1753 681 1802 Quid
714 1754 854 1803 habes,
893 1755 1098 1806 magister,
1134 1760 1201 1794 aut
1238 1754 1327 1806 quid
1362 1755 1515 1795 vidisti?
1579 1755 1626 1795 Et

208 1811 303 1852 dixit
330 1813 364 1852 ei
390 1813 592 1864 magister:
633 1813 728 1853 Vide
755 1819 796 1853 tu
824 1814 865 1853 in
885 1813 1121 1854 astronomia
1149 1820 1193 1854 et
1220 1827 1517 1866 cognosces,
1546 1827 1627 1854 cur

207 1872 297 1911 hoc
316 1871 492 1912 facio.¹¹
529 1872 641 1912 Tunc
659 1872 942 1924 prospiciens¹²
969 1887 1065 1925 puer
1083 1874 1264 1925 cognouit
1286 1887 1332 1914 ea
1351 1887 1426 1925 que
1445 1874 1628 1926 magister

208 1931 354 1971 viderat
380 1937 418 1971 et
445 1931 516 1971 ait:
571 1932 670 1972 Nolo
699 1937 741 1972 ut
767 1932 956 1980 irascaris,
987 1932 1181 1984 magister,
1211 1933 1312 1984 quia,
1342 1934 1374 1972 si
1393 1933 1490 1973 mihi
1509 1934 1625 1985 preci-

302 2014 338 2050 Z.
356 2015 379 2049 8
404 2014 485 2051 lies:
511 2026 657 2051 omnem
682 2016 841 2052 librum?

305 2098 317 2119 ²
342 2110 413 2134 nur
443 2111 509 2135 ms,
546 2120 590 2126 -
630 2099 644 2119 2
669 2100 740 2135 Der
763 2101 881 2145 Konig
904 2101 1104 2146 verspricht
1132 2100 1351 2142 Geschenke‚
1389 2104 1491 2136 sonst
1518 2101 1624 2136 droht

207 2162 247 2187 er
283 2151 348 2187 mit
384 2153 466 2188 dem
492 2153 590 2188 Tode
627 2154 701 2189 und
727 2153 1053 2199 Gutereinziehung
1077 2153 1145 2198 sg.
1176 2153 1243 2191 Cr.
1279 2173 1315 2179 —
1343 2153 1357 2174 ⁸
1383 2165 1452 2189 nur
1476 2166 1539 2189 ms.
1579 2175 1623 2181 —

208 2203 223 2225 ⁴
235 2204 327 2240 Frist
339 2205 481 2251 betragt
492 2210 593 2241 sonst
606 2208 627 2242 6
641 2207 784 2243 Monate
802 2209 855 2252 Η-
871 2208 893 2242 2
906 2208 1069 2243 Stunden
1083 2209 1158 2252 Sn),
1175 2208 1197 2243 2
1213 2207 1324 2243 Jahre
1337 2208 1413 2249 SN,
1428 2208 1447 2243 7
1462 2207 1624 2244 Wocben

206 2258 324 2295 SVH.
344 2279 386 2285 —
413 2258 427 2279 ⁵
450 2260 627 2305 templum
653 2271 723 2296 nur
748 2273 810 2297 ms.
852 2260 974 2297 Palast
996 2262 1063 2297 auf
1083 2261 1203 2297 einem
1220 2261 1333 2306 Berge
1356 2261 1395 2296 in
1420 2262 1484 2296 der
1500 2261 1626 2297 Wflste

206 2309 273 2356 Se.
299 2310 368 2349 Cr.
396 2311 472 2359 el„
497 2313 555 2348 ein
582 2313 704 2349 weites
722 2313 892 2350 Gebiude
911 2316 973 2359 Sn,
998 2315 1058 2350 ein
1082 2325 1195 2350 neues
1213 2314 1313 2350 Hans
1338 2315 1392 2355 Ss,
1417 2314 1477 2350 ein
1494 2314 1626 2359 grosser

205 2365 280 2400 und
299 2365 454 2401 schoner
470 2366 590 2402 Palast
607 2368 688 2410 LE,
714 2368 773 2403 ein
790 2368 907 2404 hoher
922 2368 1043 2404 Palast
1060 2368 1132 2410 SN,
1158 2367 1258 2403 Haus
1275 2368 1338 2403 des
1354 2367 1507 2404 Lehrers
1522 2370 1551 2403 S
1557 2370 1626 2409 VS,

206 2418 423 2455 besonderes
447 2419 605 2455 Zimmer
621 2422 736 2457 SVH.
764 2441 807 2447 —
833 2421 848 2443 θ
873 2433 944 2458 nur
960 2422 1037 2458 MS.
1055 2441 1096 2447 —
1132 2421 1144 2442 ⁷
1160 2421 1228 2457 mit
1252 2421 1340 2457 aller
1356 2422 1456 2457 Krast
1473 2422 1541 2466 Sg.
1559 2422 1625 2459 Gr.

204 2470 264 2508 cl.
289 2473 346 2515 (=
362 2474 423 2517 Sn,
450 2474 517 2516 8⁸).
551 2494 596 2501 —
625 2474 638 2494 ⁸
663 2485 734 2510 nur
757 2487 823 2511 ms.
850 2495 893 2501 -—
922 2475 936 2496 ⁹
960 2475 1027 2511 wie
1058 2476 1156 2511 seine
1181 2475 1387 2519 Stimmung
1420 2476 1625 2511 beschaffen

204 2524 255 2560 sei
275 2524 359 2572 Se„
385 2525 452 2562 wie
469 2526 546 2562 sein
564 2525 662 2563 Sohn
681 2528 864 2572 gestimmt
888 2529 938 2564 sei
957 2527 1038 2576 Cr„
1062 2529 1131 2565 wie
1155 2528 1271 2573 geht's
1295 2529 1362 2564 mit
1386 2529 1510 2565 deiner
1525 2529 1627 2565 Seele

205 2578 440 2624 (Hoffnunss)'?
465 2579 526 2617 cl.
549 2600 596 2605 —
625 2580 655 2601 ¹⁰
679 2593 718 2618 er
743 2592 834 2626 rung
857 2581 916 2617 die
940 2582 1068 2618 Hande
1095 2583 1163 2627 Sg.
1187 2581 1251 2619 Cr.
1278 2583 1365 2626 (und
1390 2582 1528 2625 schrie).
1566 2582 1625 2619 cl.

204 2632 290 2673 (und
315 2632 454 2677 schrie)‚
481 2644 520 2670 er
543 2634 681 2670 zitterte
707 2646 754 2671 an
771 2635 925 2671 Handen
949 2636 1023 2671 und
1042 2635 1166 2671 Men
1183 2636 1246 2671 Sn.
1274 2655 1319 2662 —-
1349 2635 1377 2656 ¹¹
1403 2647 1472 2672 nur
1496 2647 1559 2671 ms.
1582 2655 1622 2663 -

206 2683 238 2705 ¹²
262 2686 332 2721 Der
355 2686 459 2722 Prinz
491 2687 691 2725 betrachtet
724 2689 817 2725 auch
841 2689 900 2725 die
923 2689 1050 2725 Sterne
1074 2690 1152 2732 MS,
1179 2690 1292 2725 SVH.
