1742 3080
785 180 1046 219 -10-

210 303 313 352 vii-03
357 308 394 343 et
421 303 453 343 si
482 308 523 343 tu
550 307 705 343 mortua
732 301 861 350 fueris,
889 314 960 352 ego
987 313 1069 340 non
1097 299 1311 351 eoniungar
1338 297 1459 339 alteri.
1515 297 1628 347 Quod

210 369 248 404 et
275 361 480 403 fecerunt)
535 362 627 402 Viro
655 366 786 402 autem
812 366 928 400 eunte
955 360 1004 400 ab
1028 359 1091 400 illo
1111 359 1172 399 die
1191 373 1272 399 non
1291 358 1399 410 petijt
1418 358 1482 398 illa
1498 358 1629 398 lauare

211 435 350 474 corpus
377 434 491 462 suum
520 434 646 472 neque
674 433 888 472 perungere
908 432 980 459 nec
998 431 1153 471 egressa
1171 423 1229 458 oet
1247 418 1366 458 limen
1386 418 1525 457 domus
1544 429 1626 456 sue.

210 482 386 531 Quadam
414 486 543 521 autem
571 481 632 520 die
660 478 839 532 puella²
867 478 1074 519 transitum
1101 479 1265 518 faciebat
1293 491 1362 529 per
1389 476 1472 516 eius
1501 475 1629 516 vicum

166 547 192 585 5
211 554 300 582 cum
327 541 418 590 liris,
445 539 573 581 citaris
601 545 640 580 et
667 539 840 579 cinbalis.
896 539 964 578 Illa
997 543 1128 578 autem
1156 537 1243 578 fecit
1271 550 1312 577 se
1341 538 1389 577 ad
1417 536 1628 576 fenestram

210 613 327 640 causa
346 599 510 641 videndi.
553 599 747 640 Continuo
775 598 867 638 vidit
895 611 982 638 eam
1009 597 1167 648 quidam
1196 596 1349 637 iuuenis
1377 601 1415 636 et
1434 609 1521 635 eam
1540 607 1630 634 con-

211 659 355 711 cupiuit
395 665 433 700 et
474 673 541 711 pre
583 659 704 699 nimio
742 671 875 699 amore
913 657 1048 697 cecidit
1079 656 1120 697 in
1147 658 1302 697 lectum.
1359 655 1472 695 Venit
1499 659 1629 694 autem

212 720 376 770 quedam
410 717 537 759 anus⁸
577 720 625 758 ad
660 718 895 758 visitandum
935 730 1037 757 eum.
1093 716 1164 757 Cui
1203 716 1314 756 dixit:
1363 715 1489 754 Narra
1521 713 1629 761 mihi,

210 778 374 825 iuuenis,
402 779 494 829 quid
521 779 655 818 habes.
702 778 880 817 Forsitan
911 790 998 816 mea
1025 775 1100 816 eris
1121 775 1335 816 medicatus
1355 775 1517 815 medela.
1560 772 1631 812 Cui

144 842 194 881 10
211 838 363 878 iuuenis
402 837 515 878 dixit:
563 838 685 889 Diligo
723 850 880 877 vxorem
913 836 998 876 talis
1032 835 1115 884 viri,
1152 836 1221 875 sed
1254 847 1388 886 precor
1415 833 1469 873 sis
1496 832 1631 872 amini-

71 901 199 941 f.123v
218 898 348 938 culum
375 903 507 938 nostro
528 897 670 937 amori:
699 896 867 936 tribuam
902 895 970 935 tibi
994 897 1000 944 Ι
1024 900 1134 946 grata
1160 896 1277 935 dona.
1332 893 1398 933 Ait
1432 906 1549 933 anus:
1576 891 1632 931 Sit

211 957 286 997 hoc
313 957 353 996 in
381 970 456 996 me.
511 956 588 996 Juit
615 969 714 996 anus
742 961 779 995 et
806 955 893 995 fecit
921 955 1116 1006 figmenta,
1145 955 1330 1006 quoniam
1355 953 1499 993 sciebat
1527 951 1633 991 illam

212 1016 319 1056 nullo
337 1017 452 1056 modo
471 1029 556 1056 esse
575 1016 763 1056 facturam
782 1015 1020 1054 voluntatem
1040 1013 1135 1063 eius,
1156 1019 1194 1053 et
1213 1011 1442 1064 temperauit
1460 1024 1631 1051 massam

214 1088 303 1115 cum
331 1075 415 1127 alijs
444 1080 481 1115 et
508 1075 638 1127 pipere
665 1080 701 1115 et
730 1075 855 1115 butiro
884 1079 928 1114 et
956 1072 1098 1114 lacte⁴
1127 1078 1164 1112 et
1192 1070 1314 1112 dedit⁵
1342 1071 1429 1112 cani
1457 1083 1539 1111 sue.
1587 1070 1634 1109 Et

146 1138 194 1176 15
214 1135 320 1175 canis
356 1135 519 1175 libenter
559 1134 736 1182 comedit,
777 1133 867 1185 quia
894 1133 1022 1185 sapuit
1049 1132 1135 1172 sibi.
1189 1132 1267 1172 Juit
1306 1136 1437 1172 autem
1464 1143 1564 1170 anus
1593 1130 1631 1168 in

213 1195 373 1234 domum
402 1194 535 1246 puelle,
564 1198 602 1234 et
629 1193 736 1234 oanis
763 1199 848 1245 post
877 1206 975 1232 eam.
1032 1192 1177 1232 Videns
1205 1197 1335 1232 autem
1362 1190 1490 1242 puella
1513 1202 1632 1230 anum

213 1254 312 1293 illico
340 1253 506 1294 surrexit
533 1259 571 1294 et
597 1253 805 1293 honorauit
832 1266 918 1292 eam
946 1258 984 1292 et
1011 1252 1138 1303 posuit
1165 1252 1199 1291 ei
1227 1264 1406 1291 mensam
1433 1263 1523 1290 cum
1543 1248 1633 1289 deli-

214 1313 293 1366 cijs‚
323 1318 360 1353 et
388 1313 494 1353 canis
523 1314 648 1353 stabat
676 1326 806 1353 eoram
835 1326 881 1352 ea
908 1316 945 1352 et
964 1311 1192 1363 respiciebat
1211 1324 1345 1359 anum,
1375 1315 1414 1349 vt
1433 1310 1540 1349 daret
1560 1307 1633 1348 sibi

213 1372 355 1423 aliquid
383 1373 430 1412 de
457 1386 607 1422 mensa,
637 1378 674 1412 et
702 1372 802 1412 oculi
826 1372 909 1411 eius
927 1370 1230 1411 lacrimabantur
1250 1383 1317 1422 pre
1337 1370 1474 1410 ardore
1493 1367 1634 1420 piperis

143 1433 197 1472 20
214 1437 252 1471 et
278 1431 467 1472 alliorum.
523 1432 708 1483 Cepitque
735 1444 834 1471 anus
863 1431 1037 1471 similiter
1064 1431 1228 1482 plorare.
1267 1428 1337 1469 Cui
1366 1428 1460 1468 dixit
1487 1428 1635 1480 puella:

215 1491 268 1530 Mi
296 1490 464 1540 domina,
495 1504 613 1542 quare
640 1492 794 1543 ploras?
841 1491 926 1539 Que
954 1490 1064 1530 dixit:
1105 1490 1183 1530 Ista
1210 1489 1338 1530 catula
1356 1488 1483 1540 puella
1502 1487 1635 1539 pulcra

217 1549 286 1590 fuit
312 1550 430 1590 nimis
458 1556 500 1591 et
527 1551 628 1591 filia
656 1549 781 1591 mea⁰
809 1550 908 1590 fuit.
951 1550 998 1590 Et
1017 1550 1148 1590 dilexit
1166 1563 1253 1589 eam
1273 1548 1430 1599 quidam
1449 1545 1635 1595 iuuenis,‘¹

216 1615 254 1649 et
281 1609 404 1650 noluit
431 1610 564 1650 audire
591 1610 712 1650 illum.
768 1610 834 1650 Ille
862 1623 955 1650 uero
984 1623 1052 1661 pre
1079 1609 1200 1649 nimio
1219 1609 1353 1649 dolore
1370 1607 1532 1659 languit,
1562 1607 1635 1646 ola·

215 1668 336 1709 mauit
373 1670 422 1709 ad
455 1669 659 1709 dominum
698 1674 735 1710 et
769 1683 960 1710 conuersa
997 1675 1054 1709 est
1091 1669 1132 1708 in
1160 1682 1310 1708 canem.
1366 1667 1414 1707 Et
1442 1667 1558 1707 modo
1586 1678 1634 1706 ex

145 1730 198 1769 25
218 1741 292 1779 quo
327 1741 391 1768 me
425 1728 617 1780 prospicit,
658 1728 831 1780 sequitur
858 1735 896 1769 et
923 1730 999 1778 sset,
1029 1742 1075 1769 eo
1104 1729 1207 1780 quod
1235 1741 1315 1768 non
1344 1726 1474 1767 fecerit
1502 1726 1634 1766 volun·

215 1791 332 1827 tatem
361 1787 525 1829 iuuenis.
581 1788 693 1828 Tunc
721 1785 991 1840 dixit'pueua:
1039 1788 1127 1829 Heu
1146 1802 1222 1836 me,
1252 1787 1411 1827 domina
1428 1785 1500 1826 mi!
1539 1786 1636 1825 Ecce

215 1846 372 1897 quidam
399 1846 551 1887 iuuenis
579 1854 683 1888 amat
710 1862 774 1888 me
802 1854 838 1889 et
866 1862 934 1900 pre
961 1861 1094 1888 amore
1113 1847 1248 1888 cecidit
1266 1847 1307 1887 in
1325 1847 1488 1895 lectum;
1517 1845 1634 1884 timeo

215 1905 332 1955 enim,
362 1919 411 1946 ne
439 1907 591 1947 eueniat
618 1907 715 1947 mihi
743 1913 782 1948 vt
809 1908 934 1948 catule
961 1913 1038 1948 tue.
1096 1907 1173 1948 Sed
1200 1919 1317 1959 perge
1344 1918 1465 1957 queso
1493 1910 1532 1945 et
1559 1905 1634 1944 duc

215 1964 321 2004 illum
349 1966 398 2005 ad
426 1979 501 2015 me,
530 1971 572 2006 ut
599 1966 711 2007 faciat
738 1968 976 2008 voluntatem
1004 1981 1128 2008 suam.
1185 1967 1298 2006 Tunc
1319 1964 1515 2006 foetinauit
1534 1977 1634 2004 anus

309 2071 346 2106 Z.
367 2072 382 2107 1
412 2072 594 2118 coniugar.
631 2092 679 2098 —
715 2074 736 2108 2
762 2073 888 2110 lauari.
916 2091 961 2099 --
986 2074 1009 2109 5
1034 2074 1129 2118 cum]
1156 2075 1191 2108 et
1215 2092 1262 2099 -—
1286 2071 1332 2108 ad
1357 2071 1429 2107 fen.
1456 2082 1536 2107 eam
1564 2069 1635 2106 vid.

218 2144 260 2150 --
290 2126 332 2159 19
358 2125 454 2161 aliud
471 2126 515 2162 de
539 2138 676 2162 mensa.
703 2146 748 2153 —
773 2128 819 2163 22
845 2128 914 2163 fuit
938 2138 1042 2163 meus
1067 2129 1114 2163 et.

314 2249 327 2271 ²
344 2251 415 2286 Der
431 2250 520 2286 Pakt
546 2251 634 2287 fehlt
651 2252 726 2297 SN,
740 2253 814 2288 SV.
829 2271 875 2278 —
893 2251 907 2272 ²
920 2251 1032 2288 Braut
1048 2250 1115 2296 sg.
1130 2250 1195 2288 Gr.
1209 2249 1269 2288 cl.
1293 2249 1394 2285 Nach
1411 2248 1561 2284 Verlauf
1574 2248 1637 2284 der

216 2303 308 2339 Frist
332 2304 418 2349 ging
449 2304 501 2340 sie
526 2305 667 2348 hinaus,
701 2317 764 2341 um
789 2305 856 2341 aut*
877 2306 948 2341 den
972 2305 1063 2349 Weg
1096 2315 1141 2340 zu
1165 2305 1277 2340 seben
1302 2304 1366 2345 Sn,
1402 2303 1458 2344 Se,
1484 2303 1564 2338 LE.
1590 2321 1636 2327 —

219 2355 235 2378 ⁸
256 2357 337 2393 eine
367 2357 572 2393 Naohbarin
603 2359 666 2401 Sn,
698 2359 753 2401 Se,
780 2358 855 2395 SV.
884 2379 928 2385 —
964 2356 980 2379 ⁴
1004 2369 1075 2394 nur
1099 2369 1162 2393 ms.
1194 2357 1301 2402 ,Teig
1334 2356 1400 2392 mit
1424 2355 1530 2391 Wein
1561 2356 1635 2391 und

217 2409 287 2445 viel
312 2410 442 2446 Pfeffer
467 2411 531 2454 Sn,
557 2412 644 2456 Teig
668 2412 736 2448 mit
752 2412 966 2448 Knoblauch
990 2412 1067 2447 und
1085 2411 1216 2446 Pt’effer
1241 2411 1296 2455 Se,
1321 2410 1410 2454 Τοῖς
1433 2408 1501 2445 mit
1519 2408 1638 2452 Honig

216 2464 291 2499 und
329 2462 494 2508 Pigment
519 2466 597 2510 LE,
631 2465 727 2501 stark
761 2468 940 2510 geworzte
976 2464 1123 2501 Kuchen
1149 2463 1226 2507 SN,
1261 2463 1357 2499 Mehl
1390 2462 1458 2498 mit
1499 2462 1635 2497 Fleisch

216 2517 291 2552 und
317 2516 447 2553 Pt'effer
471 2518 571 2560 SVS,
596 2518 683 2563 Teig
713 2519 780 2554 mit
804 2519 883 2554 Fett
914 2518 989 2554 und
1015 2518 1146 2554 Pfeffer
1170 2517 1279 2562 SVB,
1305 2516 1419 2553 SVH.
1446 2535 1492 2540 -
1526 2513 1541 2535 ⁶
1565 2518 1638 2550 erst

217 2570 269 2606 im
294 2570 414 2606 nauso
438 2571 501 2606 der
526 2572 617 2607 Frau
644 2573 706 2617 Sn,
732 2574 786 2609 Se,
812 2590 857 2598 —
884 2571 899 2592 ⁸
923 2583 978 2606 ms
1015 2586 1058 2601 =
1097 2572 1144 2606 Se
1167 2570 1243 2606 und
1270 2571 1365 2606 Dese.
1392 2569 1487 2610 cler„
1518 2569 1638 2604 meine

218 2623 422 2659 Nachharin
445 2625 508 2666 Sn,
534 2625 653 2661 meine
679 2625 861 2661 Freundin
887 2625 965 2667 SV,
997 2628 1099 2660 sonst
1133 2634 1220 2659 nur:
1255 2623 1335 2660 eine
1370 2623 1506 2659 schone
1532 2622 1637 2658 Fran.

221 2695 263 2702 —
287 2676 299 2696 ⁷
316 2676 374 2712 ein
389 2677 574 2722 jssdischer
590 2678 773 2714 Zauberer
790 2678 901 2721 SVB,
918 2678 977 2714 ein
995 2677 1114 2713 Christ
1129 2677 1158 2714 S
1167 2678 1248 2714 VH.
