1742 3080
722 200 984 240 -25-

139 324 259 360 tunm.
298 319 432 361 Nauis
451 320 552 372 quid
569 321 700 361 euenit
715 322 868 363 cuidam
897 323 1079 372 homini,¹
1105 325 1170 377 qui
1198 326 1362 368 habebat
1389 327 1544 381 strigam

140 378 181 419 in
209 379 411 420 mulierem
437 392 561 420 suam.
617 380 720 421 Dixit
747 381 848 422 Rex:
876 381 1003 431 Quid?
1054 383 1120 424 me
1145 384 1264 426 dixit:

226 490 291 530 1⁷.
324 484 468 544 [Sexti
496 491 716 542 sapientis
743 492 936 533 nem&
963 492 1173 536 historin:
1204 490 1431 551 Nomium]

201 569 329 609 vidam
366 568 486 608 homo
519 568 589 609 fuit
625 568 690 620 qui
724 576 806 610 erat
841 571 970 611 socius
1002 572 1197 623 strige.¹
1259 574 1305 614 Et
1345 576 1547 618 veniebant

228 628 407 668 homines
442 628 492 668 ad
522 627 838 680 interrogandum
877 643 966 671 eum
1002 632 1050 672 de
1089 646 1316 686 quacunque
1351 648 1393 675 re
1428 635 1546 687 perdi·
1590 638 1616 676 5

139 688 307 735 dissent,
338 692 376 728 et
412 687 534 728 eciam
567 687 756 728 habentos
792 689 938 730 amieos
964 691 1005 730 in
1032 691 1106 732 alia
1127 694 1135 741 1
1159 693 1315 744 regione
1341 693 1543 736 veniebant
1555 698 1684 739 mal*

139 747 189 787 nd
214 760 317 795 eum,
346 750 384 787 et
409 745 493 798 ipse
518 746 651 787 omnia
677 748 838 788 dicebat.
894 748 1020 802 Striga
1057 763 1149 791 uero
1176 752 1245 792 fuit
1272 765 1362 792 cum
1387 765 1433 793 eo
1459 754 1546 794 tri·

140 804 309 858 ginta⁸
335 806 461 847 annis.
517 806 564 847 Et
591 807 673 858 ipse
699 808 747 847 de
773 807 850 860 hijs
876 822 951 859 que
970 810 1130 850 faciebat
1148 810 1313 852 habebat
1333 814 1547 853 necessaria

139 866 229 906 uite.
284 865 424 906 Postea
456 865 596 906 mulier
630 866 765 918 inquid
800 867 970 908 homini:
1018 869 1115 909 Rex
1153 870 1356 922 strigus⁴
1384 873 1547 924 precepit

138 924 248 974 mihi,
276 930 315 965 vt
342 926 480 966 vadam
506 924 672 974 illuc,⁸
700 932 737 966 et
763 926 841 966 iam
869 940 948 967 non
968 934 1100 980 potero
1118 930 1166 969 ad
1185 935 1222 969 te
1241 930 1392 971 reuerti.
1434 930 1546 971 Nunc
1570 932 1618 971 10

139 989 269 1025 autem
307 984 464 1036 gracia
497 990 658 1025 nostre
693 986 969 1027 societatis·
1005 989 1149 1028 docebo
1186 994 1223 1028 te
1269 988 1340 1030 tria
1368 990 1546 1038 nomina;

141 1044 247 1084 dabit
287 1043 365 1084 tibi.
420 1044 532 1084 Tunc
572 1045 701 1085 docuit
741 1058 831 1085 eum
869 1045 933 1086 illa
974 1047 1046 1087 tria
1086 1047 1256 1090 nomina.
1324 1049 1409 1098 Quo
1453 1050 1548 1089 facto

141 1103 337 1156 gauisus
363 1109 434 1144 est
460 1103 596 1144 homo
622 1109 666 1144 et
693 1106 900 1156 perrexit
926 1106 980 1145 ad
1008 1107 1191 1147 domum
1218 1106 1373 1148 suam'
1401 1114 1438 1148 et
1456 1109 1548 1148 dixit

142 1163 252 1203 ποι-ἰ
284 1176 374 1204 sue:
420 1163 542 1203 Fida
577 1163 851 1212 coniunx,⁸
886 1164 939 1205 ita
970 1165 1063 1205 dixit
1091 1166 1185 1206 mihi
1213 1166 1351 1218 striga3
1389 1173 1429 1207 tu
1457 1180 1548 1208 uero

143 1222 235 1274 quid
261 1223 356 1263 dieis
384 1228 426 1262 ut
453 1235 526 1274 ego
557 1227 713 1274 petam?
767 1223 896 1264 Dixit
930 1225 971 1264 ei
1006 1239 1134 1266 vxor:
1171 1226 1425 1266 Probemus
1452 1240 1547 1267 eam
1570 1228 1619 1267 15

143 1294 328 1322 causam
366 1282 413 1322 in
449 1295 590 1323 mare.
646 1282 693 1322 Si
730 1283 814 1323 hec
851 1284 937 1323 tibi
965 1285 1071 1324 data
1099 1285 1289 1334 fuerint,
1316 1299 1397 1337 pro
1424 1291 1548 1326 certo

144 1342 301 1381 omnia
328 1341 516 1394 petitaa
536 1347 579 1381 te
606 1347 745 1382 erunt
771 1343 1022 1395 adinpleta.
1063 1343 1190 1384 Dixit
1217 1345 1256 1384 ei
1283 1345 1369 1385 vir:
1398 1346 1477 1385 Dic
1503 1345 1549 1384 in

145 1413 235 1452 quo
260 1414 312 1442 ea
339 1400 628 1453 probemus.⁸
680 1401 784 1442 Dixit
812 1416 927 1443 vxor:
974 1403 1083 1455 Roga
1118 1404 1246 1452 deum,
1284 1410 1325 1444 ut
1362 1404 1550 1456 inpleatur

144 1465 268 1501 totum
314 1474 455 1513 eorpus
499 1466 610 1501 tuum
654 1461 863 1502 mentulh‘s.
936 1462 1001 1502 Ille
1046 1462 1120 1502 hoc
1160 1463 1320 1503 audiens
1364 1463 1551 1503 nescius

146 1520 250 1560 doli
276 1518 554 1560 mulieris²⁰
586 1521 727 1569 orauit,
770 1527 807 1561 et
840 1522 968 1561 statim
1005 1522 1191 1574 inpletum
1221 1528 1279 1562 est
1305 1536 1443 1575 eorpus
1470 1522 1624 1563 eiusffio

146 1580 355 1620 mentunis.
398 1579 510 1620 Tunc
536 1580 672 1620 dixit¹¹
702 1581 829 1621 vxori:
871 1581 918 1620 Et
945 1581 1035 1632 quid
1063 1581 1157 1621 mihi
1176 1581 1324 1622 fecisti?
1362 1582 1463 1631 Quid
1490 1595 1553 1621 me

144 1639 271 1679 faeere
298 1638 466 1679 iussisti?
518 1639 571 1680 At
598 1640 681 1680 illa:
723 1640 832 1692 Roga
858 1645 900 1680 ut
927 1653 992 1680 eas
1019 1654 1043 1680 a
1069 1646 1107 1680 te
1125 1641 1296 1682 aufferat.
1342 1642 1407 1681 Ille
1428 1641 1552 1681 adhuc

145 1698 310 1750 simplex
338 1698 504 1750 rogauit:
545 1704 583 1739 et
603 1699 760 1739 abstulit
778 1699 850 1740 sibi
870 1713 1020 1748 omnoe,
1048 1700 1169 1740 eciam
1188 1701 1294 1740 illam
1312 1713 1428 1752 quam
1447 1700 1553 1752 prius

145 1758 325 1798 habebat
353 1759 445 1798 Mox
462 1757 687 1799 mestus¹¹
705 1759 800 1799 dixit
818 1758 944 1799 vxori:
964 1759 1051 1799 Heu
1070 1773 1145 1807 me,
1164 1759 1257 1810 quid
1272 1772 1376 1800 nunc
1394 1760 1555 1799 faciam?

144 1817 352 1858 Perdidi
390 1818 534 1858 eciam
573 1831 672 1859 eam
713 1832 845 1869 quam
875 1819 1003 1870 prius
1029 1818 1232 1859 habui.¹⁸
1296 1818 1400 1859 Dixit
1440 1819 1624 1859 noi-:25

144 1877 255 1929 Roga
280 1878 398 1917 deum
425 1883 468 1917 ut
494 1877 559 1918 ina
585 1891 703 1929 quam
730 1878 837 1930 prius
863 1878 1031 1918 habuisti
1058 1884 1272 1919 reuertatur
1297 1879 1344 1919 ad
1372 1877 1465 1918 ια’*
1507 1877 1555 1917 Et

146 1936 310 1989 rogauit,
348 1942 395 1977 et
435 1949 644 1977 reuersa
678 1942 756 1977 est
795 1938 934 1989 prior
961 1936 1263 1978 mentulla.¹⁶
1298 1937 1401 1977 Dixit
1426 1942 1555 1977 autem

146 1995 226 2036 vir:
266 1996 369 2046 Quid
396 1996 538 2048 profuit
566 1997 640 2037 hoc
667 1996 871 2036 consilium
898 1998 1000 2048 quod
1028 1996 1123 2036 mihi
1150 1997 1315 2037 dedisti?
1367 1997 1447 2048 Ego
1475 2009 1555 2035 non

148 2055 296 2107 quaeiui
331 2055 490 2096 diuieias
524 2069 597 2096 nee
629 2056 705 2096 alia
737 2056 833 2096 mihi
869 2057 1042 2096 comoda.
1098 2057 1200 2096 Dixit
1235 2056 1270 2096 ei
1310 2069 1420 2096 vxor:
1467 2054 1555 2095 Ideo

147 2115 235 2155 dedi
260 2115 328 2155 tibi
347 2116 422 2156 hoe
449 2116 665 2163 consilium,
694 2116 785 2167 quia
812 2115 844 2155 si
871 2116 1029 2156 diuicias
1053 2116 1229 2162 haberes,
1258 2115 1466 2154 dimitteres
1484 2125 1558 2161 me,
1573 2114 1627 2154 30

242 2192 280 2228 Ζ.
300 2193 345 2228 15
361 2192 418 2228 Pr.
436 2203 520 2228 eum
538 2204 647 2229 eausa
663 2193 756 2236 (liaez
775 2203 858 2228 cum
875 2193 1000 2235 cauda)
1016 2193 1055 2228 in
1072 2203 1181 2228 mare.
1193 2192 1290 2227 -27
1306 2202 1471 2227 reuersus
1486 2193 1553 2225 est.

247 2252 260 2273 ¹
271 2253 391 2288 einem
405 2262 489 2287 vom
505 2252 624 2288 Geiste
637 2252 856 2288 anen
870 2251 937 2296 sg.
950 2250 1029 2298 Cr„
1045 2252 1127 2287 dem
1140 2251 1257 2287 Herm
1273 2251 1336 2286 dae
1351 2249 1556 2286 Rakschnsa

148 2304 208 2343 cl.
236 2324 277 2332 —
307 2304 323 2326 ⁸
344 2305 404 2342 ein
421 2305 709 2351 wahrsagegeist
733 2305 797 2347 Sn,
822 2309 964 2348 πνεῦμα
987 2305 1178 2347 Πύθωνος
1211 2305 1265 2346 Se,
1290 2303 1371 2340 eine
1394 2301 1555 2338 'reurelin

150 2360 225 2396 LE
243 2359 323 2403 (mit
351 2359 416 2395 der
439 2370 480 2395 er
511 2359 618 2395 einen
642 2359 742 2395 Sohn
766 2360 888 2400 hatte),
919 2359 1001 2394 eine
1027 2359 1106 2394 Peri
1130 2358 1207 2394 SN.
1232 2376 1278 2382 —
1303 2356 1318 2377 ⁸
1342 2354 1557 2400 Zeitangabe

148 2423 222 2449 nur
244 2413 316 2448 HS
335 2412 435 2455 (aba
457 2413 505 2448 20
528 2412 638 2449 Jahre
661 2412 729 2457 83.
753 2411 818 2450 Cr.
837 2411 909 2454 cl.)
940 2430 985 2438 -
1011 2411 1027 2432 ⁴
1050 2412 1114 2448 der
1137 2411 1253 2455 Konig
1284 2410 1347 2446 der
1370 2409 1556 2444 Dumouen

149 2466 218 2511 83.
231 2465 313 2513 Cr„
337 2467 401 2502 der
423 2466 541 2511 Konig
562 2467 628 2502 der
650 2466 880 2502 Rakschasen
897 2464 958 2503 cl.
983 2468 1065 2506 (nur
1087 2464 1299 2510 allgemeine
1322 2461 1470 2507 Angabe
1494 2461 1557 2499 Su,

151 2521 208 2565 Se,
239 2521 399 2563 Lm-
435 2519 595 2556 ‘inein
627 2519 903 2556 understand
936 2517 1178 2563 §spor-cl.
1213 2516 1390 2552 -⁸nur
1420 2526 1556 2550 mn.—

153 2573 167 2593 ⁷
190 2574 372 2615 ιιι-τεο,
396 2573 502 2609 kehrt
533 2574 671 2618 traurig
699 2573 797 2609 heim
820 2574 883 2614 Sn,
915 2573 995 2616 LE,
1019 2572 1108 2608 fehlt
1131 2571 1199 2616 83.
1223 2569 1288 2608 Gr.
1311 2568 1370 2607 Cl.
1396 2587 1438 2593 -
1465 2566 1481 2588 ⁸
1503 2578 1559 2602 Μ

153 2628 266 2663 :Sa
292 2647 337 2654 —
363 2626 466 2663 ’nur
487 2638 553 2662 m.
578 2647 624 2654 —-
654 2625 943 2661 ¹⁰m⁸=Ss.—
963 2624 992 2646 ¹¹
1016 2625 1210 2668 eroehlagt
1230 2624 1359 2663 sieSn,
1383 2620 1558 2657 zssmtihr

153 2682 231 2716 LE.
256 2701 301 2707 —
331 2679 447 2716 ¹²nur
470 2692 534 2722 me,
560 2691 600 2716 er
622 2680 695 2715 will
721 2680 773 2716 sie
793 2680 880 2725 jetzt
905 2689 1010 2723 sogar
1038 2681 1138 2714 tmen
1163 2678 1226 2714 Sn.
1252 2697 1296 2704 -
1324 2674 1355 2696 ¹⁸
1378 2674 1557 2710 m=Ss.

151 2734 290 2778 (μόλις).
306 2754 355 2762 -
374 2732 404 2754 ¹⁴
427 2734 498 2770 Der
520 2733 608 2769 Roet
631 2733 720 2769 fehlt
745 2734 807 2775 Su,
832 2733 887 2775 Se,
912 2732 995 2769 LE.
1024 2751 1065 2759 —
1096 2730 1126 2752 ¹⁸
1141 2730 1374 2774 Ausfflhrung
1397 2738 1468 2763 von
1492 2738 1557 2763 m.
