1742 3080
802 193 1062 231 „18-

232 331 367 358 seruus
395 321 435 357 vt
462 316 572 356 iussit
599 315 792 356 dominus.
849 315 919 356 Cui
954 315 1026 356 ait:
1055 315 1261 364 Quomodo
1297 315 1464 356 faciebas
1499 328 1641 367 panem

231 391 347 428 quam
375 375 577 416 vendidisti
597 388 712 415 seruo
730 379 845 415 meo?
884 375 955 415 Cui
982 375 1066 415 illa:
1097 375 1286 415 Dominus
1304 374 1435 415 meus¹
1464 375 1534 415 fuit
1552 388 1644 426 eger

231 442 268 477 et
294 436 461 476 habebat
486 435 526 474 in
556 448 719 486 corpore
746 448 816 475 suo
845 433 1054 475 vulnus’
1087 448 1273 486 magnum
1308 440 1346 475 et
1381 435 1539 475 malum.
1596 435 1643 475 Et

229 496 422 536 iusserant
439 494 577 534 medici
605 495 783 534 libram
811 507 966 534 masse
993 499 1208 546 temperare
1235 507 1342 534 cum
1370 494 1642 546 pigmentis

186 553 211 594 5
228 560 272 595 et
299 554 599 595 aromatibus
627 559 665 594 et
691 567 744 605 cu
757 552 935 594 charo⁸
961 559 998 594 et
1026 567 1170 605 ponere
1198 566 1313 605 super
1327 554 1467 593 vulnus
1486 558 1523 593 et
1542 558 1646 594 stare

228 619 308 654 tota
335 619 461 662 nocte,
490 615 615 653 donec
632 614 820 653 lamberet
838 614 990 653 vulnus.
1037 613 1152 653 Mane
1170 618 1301 653 autem
1328 613 1428 653 facto
1457 613 1642 653 faciebam

229 674 396 713 bucellas
424 678 461 713 et
488 673 702 724 coquebam
729 672 770 712 in
799 672 950 712 clibano
978 678 1016 712 et
1034 672 1236 713 veniebam
1265 673 1313 712 ad
1341 673 1479 712 forum.
1527 673 1644 712 Modo

228 732 290 773 ille
317 738 375 773 est
402 746 521 772 sanus
549 737 586 772 et
614 746 694 772 non
722 738 780 772 est
808 745 967 772 necesse
993 732 1117 772 facere
1145 732 1323 783 amplius.
1368 732 1453 772 Hoc
1480 731 1644 771 audiens

228 792 301 840 ille,
330 805 477 832 nausea
504 792 603 832 facta
631 797 688 831 est
716 791 769 831 illi
797 796 835 831 et
853 791 999 831 viscera
1025 791 1107 831 eius
1127 797 1218 831 sunt
1236 790 1377 839 mota,⁴
1405 796 1442 831 et
1461 791 1641 831 clamauit

162 851 211 890 10
229 856 267 891 et
294 851 466 903 penituit,
496 864 567 891 nec
595 851 691 890 iuuit
719 864 820 890 eum.
853 874 899 879 —
930 851 977 890 Et
1004 863 1122 899 nunc,
1151 850 1306 891 domine
1330 851 1427 900 Rex,
1456 864 1563 899 caue,
1591 864 1644 890 ne

229 911 351 951 taliter
379 910 530 950 eueniat
558 910 624 950 tibi
653 916 690 950 et
717 910 890 962 peniteas
909 915 947 950 et
966 923 1015 950 ne
1034 910 1197 962 decipiat
1223 916 1260 950 te
1279 911 1428 959 mulier,
1457 911 1641 961 quoniam

87 968 210 1008 s.1281
231 970 429 1021 ingenium
457 970 627 1010 mulieris
654 983 840 1021 magnum
866 969 872 1021 Ι
897 974 966 1018 est,
1002 970 1100 1010 sicut
1136 971 1285 1022 decepit
1322 971 1487 1021 quedam
1517 970 1641 1009 virum

229 1043 356 1070 suum.
411 1029 512 1069 Dixit
540 1030 645 1069 Rex:
675 1029 798 1069 Narra
825 1030 1020 1080 quomodo
1047 1029 1128 1069 fuit.
1185 1029 1288 1069 Dixit
1315 1029 1396 1069 ille:

409 1183 575 1241 [Quarti
605 1187 823 1239 sapientis
852 1187 1042 1228 secunda
1070 1188 1279 1228 historia:
1311 1183 1550 1241 Zacharm]

128 1189 416 1358 Qvi1dlam
456 1265 597 1307 homo⁶
639 1272 720 1307 erat
762 1280 850 1318 eger
891 1272 928 1307 et
965 1267 1206 1307 desiderabat
1241 1267 1407 1307 multum
1442 1268 1643 1307 comedere

161 1325 210 1364 15
315 1340 479 1378 granum
508 1332 658 1366 coctum
688 1340 776 1366 cum
818 1327 997 1377 cucharo.
1052 1326 1128 1375 Qui
1169 1327 1220 1367 ait
1260 1327 1367 1367 vxori
1408 1340 1495 1367 sue:
1534 1327 1642 1366 Tolle

228 1386 407 1426 denarios
434 1393 472 1426 et
499 1400 584 1426 eme
602 1387 698 1426 mihi
725 1385 968 1438 cucharam.⁶
1007 1386 1093 1435 Quo
1121 1386 1223 1426 dicto
1251 1386 1417 1438 perrexit
1445 1400 1539 1425 vxor
1558 1386 1640 1425 eius

228 1447 276 1486 ad
305 1447 431 1486 forum
459 1451 497 1487 et
524 1446 642 1486 dixit
671 1446 988 1498 negociatori:
1024 1446 1185 1486 Habes
1226 1446 1506 1498 cucharam?
1563 1446 1641 1485 Vir

229 1505 351 1546 enim
388 1519 519 1546 meus
554 1511 675 1546 amat
711 1506 860 1557 ipsius
898 1505 1211 1546 dulcedinem.
1267 1506 1320 1545 Et
1355 1505 1452 1545 ille:
1491 1505 1537 1545 Si
1572 1506 1641 1544 vir

229 1570 336 1605 tuus
365 1566 494 1617 cupit
521 1579 618 1605 mee
645 1566 869 1617 cuchare‚
905 1578 989 1617 ego
1026 1570 1103 1605 tue
1131 1565 1334 1616 cuchare
1370 1571 1532 1605 nectar
1566 1566 1640 1604 de-

159 1622 211 1662 20
230 1625 408 1673 siden-03
437 1631 484 1665 et
511 1625 552 1665 si
580 1626 654 1665 vis
679 1626 736 1665 de
762 1639 864 1665 mea
891 1638 976 1677 ego
1013 1625 1071 1665 de
1104 1630 1200 1674 tua,
1238 1625 1464 1665 redamus
1492 1624 1641 1664 nobis

228 1684 459 1725 inuicem.
514 1685 653 1725 Tunc
689 1685 917 1725 manicha
944 1686 1132 1725 colecta
1159 1686 1215 1724 ad
1244 1698 1298 1724 os
1335 1683 1568 1731 subrisit,
1598 1689 1642 1723 et

229 1744 334 1784 risu
374 1745 467 1784 iam
508 1745 637 1784 fauet
677 1746 819 1795 dans.v
869 1745 977 1796 Ipse
1019 1758 1134 1785 uero
1176 1757 1474 1796 cognoscens
1509 1744 1642 1783 uelle

229 1804 446 1844 mulieris
474 1805 601 1844 dedit
628 1805 669 1844 ei
697 1803 1021 1856 amplexum,⁷
1048 1805 1155 1856 prius
1181 1804 1336 1855 ligando
1363 1803 1571 1855 cucharam
1600 1803 1639 1842 in

228 1863 407 1903 mantile⁸
434 1863 527 1904 eius.
582 1865 722 1904 Postea
750 1865 933 1905 ducens
961 1877 1066 1904 eam
1094 1865 1140 1903 in
1168 1861 1359 1904 cubile⁹
1387 1875 1482 1903 usus
1509 1868 1567 1902 est
1595 1875 1642 1902 ea

321 2001 359 2036 Z.
377 2002 399 2036 3
424 2001 554 2036 vulnus
578 2012 612 2036 u.
639 2012 691 2046 sp.
716 2001 798 2037 lies:
824 2002 935 2037 vlcus.
962 2022 1006 2028 —-
1032 2001 1057 2036 4
1080 2011 1206 2036 messe.
1231 2021 1277 2028 --
1304 2000 1349 2036 18
1372 2003 1480 2036 amet.

327 2100 339 2122 ¹
355 2102 412 2137 die
430 2102 559 2138 Herrin
578 2104 633 2146 Ss,
652 2103 747 2138 mein
765 2103 874 2139 vater
891 2105 971 2146 LE,
989 2103 1048 2139 ein
1065 2103 1174 2139 Manu
1192 2103 1303 2139 SVB.
1324 2121 1367 2128 -
1389 2100 1404 2122 ²
1418 2102 1498 2138 lies:
1525 2102 1638 2143 ulcus,

229 2155 421 2191 Geschwur
447 2157 523 2198 (auf
544 2157 625 2192 dem
644 2157 791 2192 Rucken
810 2157 873 2200 Sn,
892 2157 1007 2199 SVH.
1025 2158 1091 2193 auf
1111 2158 1179 2192 den
1205 2156 1392 2192 Schultern
1419 2157 1474 2197 Ss,
1493 2156 1572 2197 LE,
1590 2166 1638 2190 an

228 2208 365 2244 seinem
383 2209 490 2245 Leibe
507 2209 573 2254 Sg.
587 2209 650 2247 Cr.
665 2210 747 2253 ch),
762 2210 869 2246 einen
886 2211 980 2246 Fra&
1004 2211 1056 2246 im
1073 2211 1209 2246 Kreuze
1227 2211 1333 2245 SVB.
1357 2228 1391 2235 -
1425 2208 1439 2229 ⁸
1454 2209 1543 2253 Teig
1566 2219 1638 2244 von

228 2262 394 2298 reinstem
413 2263 505 2298 Mehl
523 2264 588 2298 mit
605 2264 731 2299 Butter
746 2265 819 2299 und
838 2264 958 2308 Honig
970 2264 1033 2307 Sn,
1049 2265 1102 2306 Sa,
1117 2265 1194 2306 LE,
1208 2263 1301 2299 Mehl
1318 2263 1384 2298 mit
1396 2262 1516 2306 Honig
1528 2263 1638 2304 SVB,

229 2315 323 2351 Mehl
340 2316 405 2353 mit
418 2316 494 2351 Fett
507 2318 536 2352 S
543 2317 613 2351 VH
618 2331 627 2361 ;
642 2319 723 2353 MS:
742 2318 890 2353 Kucben
907 2329 979 2353 von
993 2318 1162 2362 Brosteig,
1176 2316 1387 2353 Knoblauch
1400 2316 1473 2351 und
1487 2315 1638 2361 Spiritus

229 2368 296 2413 Sg.
309 2368 385 2412 (Cr.
399 2369 481 2411 GL).
507 2390 551 2395 --
579 2370 593 2390 ⁴
610 2372 673 2406 das
689 2371 893 2407 Erbrechen
919 2372 1008 2408 fehlt
1032 2373 1095 2414 Sn,
1121 2373 1175 2413 Sa,
1202 2371 1287 2413 LE;
1312 2370 1376 2405 der
1401 2370 1509 2404 Mann
1534 2369 1639 2404 stirbt

230 2423 338 2464 SVB,
358 2423 469 2458 SVH.
489 2443 532 2448 —
553 2422 568 2443 ⁶
590 2423 628 2459 in
648 2423 842 2468 Qandahar
867 2425 938 2462 SN.
961 2445 1002 2451 —
1022 2424 1036 2446 ⁸
1060 2436 1130 2461 nur
1154 2424 1240 2460 Reis
1264 2425 1302 2459 in
1318 2423 1411 2459 allen
1430 2423 1637 2466 Fassungen

230 2474 344 2511 aufier
359 2476 428 2511 MS
436 2478 474 2518 -ξ-
486 2478 618 2512 Direct.
629 2479 713 2519 (erst
725 2478 789 2513 der
799 2478 1002 2514 Kaufmann
1015 2479 1126 2515 bietet
1137 2477 1273 2514 Zucker
1284 2479 1355 2520 an).
1369 2497 1414 2504 —
1431 2476 1537 2512 ⁷alles
1551 2477 1638 2511 Aus-

230 2528 388 2574 ffihrung
400 2540 471 2578 von
485 2541 548 2571 ma,
562 2531 597 2565 in
612 2539 678 2576 Sg.
690 2531 754 2568 Gr.
766 2531 824 2568 Cl.
841 2531 943 2568 heifit
956 2544 993 2567 es
1006 2543 1091 2568 nur:
1110 2532 1224 2568 Buhle
1238 2531 1304 2567 mit
1317 2531 1395 2573 mir,
1409 2530 1465 2565 ich
1480 2529 1569 2574 [zebe
1582 2529 1639 2564 dir

230 2581 365 2617 Zucker
373 2586 547 2618 umsonst.
557 2604 600 2610 -—
610 2584 624 2604 ⁸
633 2586 830 2627 μανδύλιον
837 2585 1109 2629 (Taschentuch)
1121 2586 1174 2628 Se,
1181 2585 1313 2622 Mantel
1321 2585 1384 2626 Sn,
1393 2585 1473 2625 LE,
1481 2583 1638 2618 Schleier

230 2635 303 2677 SN.
316 2634 417 2671 Tuch
430 2635 457 2672 S
465 2637 509 2678 V;
527 2636 565 2672 in
579 2637 682 2673 einen
696 2638 807 2683 Zipfel
820 2639 916 2675 ihres
928 2639 1068 2675 Tuches
1084 2639 1152 2684 Sg.
1162 2638 1222 2676 Cl.
1235 2639 1276 2683 (T
1277 2637 1535 2674 aschentuches
1548 2636 1637 2681 Cn).

231 2706 278 2713 —
305 2686 320 2708 ⁹
342 2687 394 2724 sie
418 2688 502 2733 ging
527 2690 565 2725 in
589 2690 688 2726 seine
712 2691 812 2726 Bude
838 2693 899 2735 Sn,
924 2692 976 2728 sie
999 2693 1085 2737 ging
1108 2703 1153 2728 zu
1175 2691 1253 2728 ihm
1278 2691 1342 2729 Gr.
1355 2690 1455 2734 (fehlt
1472 2690 1539 2735 ὃς.
1553 2689 1636 2732 Gi.)-
