1742 3080
794 150 1053 189 —22-

213 283 342 319 autem
362 290 455 317 suus
474 275 576 315 misit
604 286 767 325 puerum
786 280 914 320 suum,
943 277 986 311 ut
1012 276 1233 324 prepararet
1259 283 1314 310 se.
1342 271 1448 322 Ipso
1474 273 1628 309 autem

214 337 420 378 faciente
459 347 642 375 moram
683 338 730 373 et
771 332 958 372 amoris
1002 330 1109 382 igne
1153 334 1412 370 crescente
1461 341 1629 368 concu-

214 397 315 437 buit
351 409 457 435 cum
492 391 702 445 legato¹‚
730 405 828 431 non
865 395 1063 431 tantum
1096 395 1306 442 propter
1333 387 1629 429 delectatio·

216 469 323 496 nem
371 467 514 505 quam
554 457 760 505 propter
800 455 1113 502 expectatam
1154 448 1290 489 amici
1330 460 1527 488 moram.
1578 469 1627 475 —

172 515 349 555 5Vnde
375 518 562 554 certum
602 517 679 551 est
716 511 866 562 quod,
905 509 946 549 si
983 509 1173 549 femina
1198 513 1348 548 uocat
1381 510 1629 547 amantem

217 579 263 614 et
317 579 455 613 stans
509 571 721 623 inipso
776 570 960 610 ardore
1013 568 1167 620 nequi
1264 580 1372 607 eum
1432 566 1630 613 habere,

215 633 257 674 si
293 634 432 673 adest
467 630 659 682 aliquis
697 631 745 670 in
783 628 1030 681 presenti,
1072 628 1231 668 vtitur
1270 641 1344 675 ρος
1381 631 1521 666 tanta
1554 630 1631 665 est

74 699 198 739 f.13or
215 692 417 733 malicia
447 687 784 732 feminarum.²
805 713 853 719 —
874 688 1025 728 Interea
1053 687 1187 727 videns
1210 689 1216 735 1
1242 687 1388 727 amicus
1416 685 1498 725 eius
1527 685 1630 735 quod

217 765 312 804 puer
340 765 454 803 quem
473 750 577 790 misit
594 762 745 790 moram
769 749 921 796 faceret,
944 760 1038 787 ense
1064 744 1234 787 acincto⁸
1262 745 1366 786 venit
1393 745 1442 785 ad
1469 745 1631 784 domum

150 812 200 852 10
218 812 350 852 amice.
424 810 559 850 Mulier
598 814 726 849 autem
769 807 894 847 ficta
943 819 1092 846 causa
1132 811 1276 846 stans
1326 805 1375 844 in
1420 802 1630 843 balneo*

217 871 310 911 vidit
355 883 444 910 eum
490 871 708 909 venientem
753 869 803 907 ad
849 880 890 906 se
936 872 974 906 et
1028 865 1158 906 statim
1202 865 1340 905 celauit
1385 877 1549 916 puerum
1590 863 1631 902 in

218 927 413 971 thalamo⁶
451 942 544 977 ¹suo,
593 933 639 968 et
684 928 969 967 ascendens
1014 938 1188 966 amans
1234 923 1480 964 salutauit
1525 936 1631 962 eam

217 990 396 1030 dicens:
417 989 605 1028 Saluto.
634 987 687 1026 Et
714 986 802 1026 illa
830 986 1114 1025 resalutato
1141 997 1197 1024 eo
1217 984 1363 1024 dixit:
1385 980 1631 1023 Sedeatis.⁶

218 1049 304 1102 Hijs
332 1048 623 1088 sedentibus
652 1052 689 1085 et
707 1043 989 1097 loquentibus‚⁷
1017 1057 1104 1084 ecce
1132 1044 1285 1084 Serue
1313 1042 1501 1082 veniebat.
1531 1041 1629 1082 Cum

151 1109 200 1147 15
219 1114 348 1149 autem
376 1107 519 1147 videret
546 1120 636 1146 eum
664 1119 759 1146 vxor
787 1105 883 1153 eius,
925 1103 1019 1144 dixit
1059 1104 1099 1143 in
1128 1116 1170 1143 se
1197 1103 1297 1155 ipsa:
1327 1103 1428 1151 Quid
1467 1100 1632 1141 faciam?

220 1168 262 1208 Si
289 1168 529 1207 abscondero
556 1167 661 1205 hunc
694 1164 768 1213 hic,
798 1165 945 1204 malum
973 1168 1044 1211 est,
1076 1162 1166 1214 quia
1193 1175 1288 1214 puer
1316 1162 1436 1201 eciam
1465 1161 1547 1200 eius
1574 1166 1632 1200 est

218 1227 526 1274 hicabsconsu33
555 1225 667 1265 etsi
698 1225 771 1264 vir
798 1237 930 1263 meus
959 1222 1212 1263 invenerit
1239 1221 1408 1262 ambos
1427 1221 1475 1260 in
1495 1221 1631 1260 domo

220 1299 322 1335 sua,
360 1286 587 1337 requiret
621 1297 840 1331 causam,
879 1288 924 1322 et
961 1282 1078 1333 quid
1115 1293 1420 1333 responsura
1448 1279 1540 1319 sim
1567 1279 1631 1330 ig-

219 1358 361 1394 noro⁷
389 1350 434 1385 et
460 1345 523 1384 ita
551 1349 699 1384 erunt
727 1344 818 1383 duo
845 1343 914 1394 hij
945 1341 1102 1382 occisi
1129 1354 1217 1392 pro
1244 1354 1334 1388 me,
1363 1345 1410 1380 et
1438 1341 1631 1379 demum

149 1405 292 1445 eome
318 1404 477 1456 ipsam
504 1403 744 1444 mactabit
779 1402 825 1442 in
862 1406 996 1442 tanto
1034 1401 1231 1441 scelere
1266 1399 1630 1451 deprehensam.

219 1465 276 1504 Et
302 1463 526 1515 quamvis
553 1463 773 1503 forsitan
802 1475 898 1502 non
919 1462 1107 1502 erimus
1135 1460 1338 1508 mortui,
1366 1472 1448 1499 ero
1475 1457 1633 1498 ta'men

221 1529 338 1564 nota
364 1537 445 1563 rea
472 1522 648 1563 marito
676 1523 734 1562 ob
762 1521 902 1562 amici
931 1526 974 1561 et
1003 1520 1142 1572 pueri
1170 1518 1558 1560 absconsionem
1586 1522 1634 1557 et

221 1584 279 1624 ob
299 1584 392 1623 hoc
419 1583 476 1623 ab
504 1581 731 1622 omnibus
757 1581 1028 1632 vituperata
1056 1580 1378 1627 mortalibus,
1406 1583 1500 1618 tam
1519 1577 1634 1616 viris

220 1656 363 1694 quam
401 1641 717 1682 mulieribus.
773 1641 871 1692 Ego
905 1641 1002 1691 ipsa
1038 1639 1167 1679 utile
1200 1637 1474 1678 consilium
1510 1635 1634 1676 mihi

151 1700 202 1739 25
222 1703 364 1742 dabo:
393 1702 605 1753 pandam
631 1701 728 1741 hos.
762 1700 874 1752 Hijs
902 1705 1059 1740 autem
1087 1698 1313 1739 ostensis
1340 1697 1486 1749 culpe
1514 1697 1635 1736 fama

222 1762 314 1801 erit
340 1762 519 1809 celata;
558 1761 599 1800 si
626 1765 788 1800 autem
816 1767 898 1800 eos
928 1759 1278 1806 occultauero,
1311 1757 1456 1808 culpa
1493 1761 1634 1807 pate-

222 1820 341 1861 fiet.⁸
403 1821 571 1871 Moxque
616 1819 710 1860 dixit
745 1819 886 1860 amico:
921 1818 1220 1858 Dulcissime
1259 1816 1438 1864 amice,
1480 1814 1522 1855 si
1561 1814 1633 1854 uis

317 1946 354 1981 Z.
374 1947 396 1981 9
421 1945 551 1981 acinto.

224 2091 268 2097 -—
297 2070 310 2092 ¹
335 2071 386 2106 sie
411 2071 542 2115 zwingt
575 2070 638 2106 ihn
664 2080 728 2105 zur
751 2069 860 2105 Liebe
885 2070 950 2113 Sn,
983 2069 1038 2113 Se,
1065 2068 1138 2113 SN,
1169 2067 1221 2102 sie
1245 2065 1407 2101 verffihrt
1431 2064 1493 2099 ihn
1520 2064 1635 2107 SVH,

226 2125 325 2167 SVS,
350 2124 453 2160 beide
477 2123 660 2159 verlieben
694 2123 771 2158 sich
795 2123 875 2167 LE,
902 2122 1009 2158 SVB.
1058 2121 1099 2156 In
1124 2121 1184 2156 Me
1207 2119 1310 2155 kurz:
1343 2118 1459 2154 diaeer
1483 2117 1548 2152 sah
1572 2116 1636 2152 das

224 2178 339 2220 Weib,
367 2178 442 2213 und
459 2188 498 2213 er
522 2177 626 2221 gefiel
654 2176 709 2212 ihr
725 2176 792 2221 Sg.
806 2175 871 2213 Gr.
896 2175 998 2219 (fehlt
1022 2174 1081 2210 bei
1097 2173 1170 2216 cl.)
1189 2192 1228 2199 —
1251 2171 1266 2192 ²
1282 2172 1358 2208 dies
1373 2171 1461 2207 alles
1485 2181 1555 2206 nur
1580 2170 1637 2205 bei

224 2243 289 2273 me,
313 2243 377 2267 um
402 2231 459 2266 die
484 2230 804 2274 Handlungsweise
828 2229 891 2264 der
916 2229 1009 2264 F‘rau
1033 2239 1079 2264 zu
1104 2226 1324 2272 begrunden.
1350 2245 1396 2252 —
1422 2223 1437 2244 ⁸
1461 2223 1550 2259 fehlt
1575 2224 1636 2263 Su.

225 2287 281 2328 Se,
307 2286 387 2321 LE.
415 2304 458 2309 -
485 2284 500 2305 ⁴
524 2295 593 2320 nur
617 2285 655 2319 in
679 2296 743 2326 ms,
769 2284 821 2319 sie
845 2283 995 2319 erblickt
1018 2282 1083 2318 ihn
1106 2281 1221 2317 durch
1245 2280 1305 2316 ein
1321 2279 1468 2315 Fenster
1491 2277 1558 2322 sg.
1572 2276 1637 2314 Cr.

226 2338 285 2376 cl.
310 2359 355 2366 ·—
383 2337 398 2359 ⁵
421 2341 527 2374 unter
551 2338 670 2373 einem
694 2338 814 2373 Korbe
839 2337 953 2382 SVH,
979 2336 1031 2372 sie
1056 2334 1149 2370 wirft
1173 2334 1237 2370 ibn
1262 2333 1374 2369 durch
1399 2331 1481 2367 eine
1503 2331 1638 2366 Falltnr

225 2392 264 2427 in
289 2392 357 2428 den
374 2391 492 2427 Keller
510 2392 617 2428 SVB.
646 2411 685 2417 -
715 2391 730 2412 ⁸
755 2402 825 2426 nur
847 2402 912 2426 ms.
931 2410 975 2417 —-
1004 2390 1018 2410 ⁷
1042 2385 1431 2433 Liebesgemeinschaft
1454 2386 1509 2427 Se,
1535 2385 1638 2420 SVB

227 2446 331 2487 (auch
355 2444 422 2489 sg.
436 2444 526 2488 Gn),
556 2445 630 2480 und
655 2455 694 2481 er
719 2445 803 2480 kam
827 2443 954 2480 herein
980 2444 1043 2486 Sn,
1062 2443 1140 2486 LE,
1165 2443 1263 2477 dann
1279 2440 1345 2476 sab
1362 2439 1415 2475 sie
1438 2438 1506 2475 mit
1521 2438 1637 2473 ihrem

228 2498 428 2534 Liebhaber
452 2498 535 2534 bald
559 2509 600 2534 so
619 2498 702 2534 bald
726 2510 766 2534 so
784 2497 844 2535 01.
872 2518 913 2525 —
942 2496 957 2518 ⁸
980 2497 1099 2532 dieser
1115 2495 1284 2539 Monolog
1300 2504 1370 2530 nur
1385 2493 1472 2528 kurz
1497 2492 1535 2527 in
1553 2492 1641 2527 MS:

229 2552 406 2597 Verberge
422 2552 481 2588 ich
506 2552 567 2587 ibn
584 2552 634 2587 im
652 2551 840 2594 Gemache,
867 2562 908 2587 so
924 2550 1014 2586 wird
1038 2560 1078 2586 er
1101 2549 1182 2585 dort
1197 2549 1323 2584 seinen
1338 2546 1492 2583 Sklaven
1516 2545 1639 2580 finden
