<?xml version="1.0" encoding="UTF-8"?>
<!DOCTYPE html PUBLIC "-//W3C//DTD XHTML 1.0 Transitional//EN"
    "http://www.w3.org/TR/xhtml1/DTD/xhtml1-transitional.dtd">
<html xmlns="http://www.w3.org/1999/xhtml" xml:lang="en" lang="en">
 <head>
  <title>
</title>
<meta http-equiv="Content-Type" content="text/html;charset=utf-8" />
  <meta name='ocr-system' content='tesseract 3.04.00' />
  <meta name='ocr-capabilities' content='ocr_page ocr_carea ocr_par ocr_line ocrx_word'/>
</head>
<body>
  <div class='ocr_page' id='page_1' title='image "./historiaseptemsa01hilkuoft_0022.png"; bbox 0 0 1742 3080; ppageno 0'>
   <div class='ocr_carea' id='block_1_1' title="bbox 767 173 1042 213">
    <p class='ocr_par' dir='ltr' id='par_1_1' title="bbox 767 173 1042 213">
     <span class='ocr_line' id='line_1_1' title="bbox 767 173 1042 213; baseline -0.011 -10"><span class='ocrx_word' id='word_1_1' title='bbox 767 173 1042 213; x_wconf 79' lang='lat' dir='ltr'>..XX-</span> 
     </span>
    </p>
   </div>
   <div class='ocr_carea' id='block_1_2' title="bbox 202 293 1627 2781">
    <p class='ocr_par' dir='ltr' id='par_1_2' title="bbox 202 293 1627 2781">
     <span class='ocr_line' id='line_1_2' title="bbox 309 293 1611 346; baseline -0.01 -1"><span class='ocrx_word' id='word_1_2' title='bbox 309 304 361 344; x_wconf 90' lang='lat' dir='ltr'>So</span> <span class='ocrx_word' id='word_1_3' title='bbox 389 304 490 344; x_wconf 85' lang='lat' dir='ltr'>steht</span> <span class='ocrx_word' id='word_1_4' title='bbox 518 303 615 343; x_wconf 88' lang='lat' dir='ltr'>auch</span> <span class='ocrx_word' id='word_1_5' title='bbox 646 302 706 341; x_wconf 71' lang='lat' dir='ltr'>fiir</span> <span class='ocrx_word' id='word_1_6' title='bbox 733 300 794 340; x_wconf 90' lang='lat' dir='ltr'>die</span> <span class='ocrx_word' id='word_1_7' title='bbox 821 299 1007 340; x_wconf 85' lang='lat' dir='ltr'>Inclusa</span> <span class='ocrx_word' id='word_1_8' title='bbox 1043 310 1160 337; x_wconf 89' lang='lat' dir='ltr'>unser</span> <span class='ocrx_word' id='word_1_9' title='bbox 1187 296 1287 336; x_wconf 82' lang='lat' dir='ltr'><strong>Text</strong></span> <span class='ocrx_word' id='word_1_10' title='bbox 1315 293 1496 346; x_wconf 83' lang='lat' dir='ltr'>cigenar‘</span> <span class='ocrx_word' id='word_1_11' title='bbox 1550 294 1611 333; x_wconf 90' lang='lat' dir='ltr'>da.</span> 
     </span>
     <span class='ocr_line' id='line_1_3' title="bbox 202 354 1613 407; baseline -0.011 0"><span class='ocrx_word' id='word_1_12' title='bbox 202 367 292 407; x_wconf 83' lang='lat' dir='ltr'>Man</span> <span class='ocrx_word' id='word_1_13' title='bbox 310 366 415 405; x_wconf 86' lang='lat' dir='ltr'><strong>kann</strong></span> <span class='ocrx_word' id='word_1_14' title='bbox 439 364 650 403; x_wconf 73' lang='lat' dir='ltr'>hochstens</span> <span class='ocrx_word' id='word_1_15' title='bbox 670 364 884 407; x_wconf 87' lang='lat' dir='ltr'>vermuten,</span> <span class='ocrx_word' id='word_1_16' title='bbox 912 358 988 399; x_wconf 65' lang='lat' dir='ltr'>da&amp;</span> <span class='ocrx_word' id='word_1_17' title='bbox 1007 357 1092 398; x_wconf 89' lang='lat' dir='ltr'>eine</span> <span class='ocrx_word' id='word_1_18' title='bbox 1111 355 1188 396; x_wconf 80' lang='lat' dir='ltr'>ital.</span> <span class='ocrx_word' id='word_1_19' title='bbox 1203 356 1379 405; x_wconf 84' lang='lat' dir='ltr'>Fassung</span> <span class='ocrx_word' id='word_1_20' title='bbox 1397 354 1472 394; x_wconf 88' lang='lat' dir='ltr'>den</span> <span class='ocrx_word' id='word_1_21' title='bbox 1530 354 1613 392; x_wconf 89' lang='lat' dir='ltr'>ber-</span> 
     </span>
     <span class='ocr_line' id='line_1_4' title="bbox 202 412 1614 472; baseline -0.01 -7"><span class='ocrx_word' id='word_1_22' title='bbox 202 431 334 472; x_wconf 85' lang='lat' dir='ltr'>setzer,</span> <span class='ocrx_word' id='word_1_23' title='bbox 363 424 431 463; x_wconf 92' lang='lat' dir='ltr'>der</span> <span class='ocrx_word' id='word_1_24' title='bbox 458 424 571 462; x_wconf 86' lang='lat' dir='ltr'>einen</span> <span class='ocrx_word' id='word_1_25' title='bbox 592 420 738 461; x_wconf 72' lang='lat' dir='ltr'>Schlufi</span> <span class='ocrx_word' id='word_1_26' title='bbox 767 418 914 459; x_wconf 91' lang='lat' dir='ltr'>suchen</span> <span class='ocrx_word' id='word_1_27' title='bbox 932 417 1078 466; x_wconf 66' lang='lat' dir='ltr'>muffle,</span> <span class='ocrx_word' id='word_1_28' title='bbox 1107 429 1155 456; x_wconf 91' lang='lat' dir='ltr'>zu</span> <span class='ocrx_word' id='word_1_29' title='bbox 1183 415 1309 455; x_wconf 84' lang='lat' dir='ltr'>dieser</span> <span class='ocrx_word' id='word_1_30' title='bbox 1327 412 1614 463; x_wconf 86' lang='lat' dir='ltr'>Einschiebung</span> 
     </span>
     <span class='ocr_line' id='line_1_5' title="bbox 203 473 1613 529; baseline -0.01 -4"><span class='ocrx_word' id='word_1_31' title='bbox 203 483 401 524; x_wconf 68' lang='lat' dir='ltr'>veranlafit</span> <span class='ocrx_word' id='word_1_32' title='bbox 426 482 507 529; x_wconf 86' lang='lat' dir='ltr'>hat,</span> <span class='ocrx_word' id='word_1_33' title='bbox 535 482 628 520; x_wconf 87' lang='lat' dir='ltr'>aber</span> <span class='ocrx_word' id='word_1_34' title='bbox 655 480 723 519; x_wconf 88' lang='lat' dir='ltr'>der</span> <span class='ocrx_word' id='word_1_35' title='bbox 750 477 1028 519; x_wconf 88' lang='lat' dir='ltr'>Unterschiede</span> <span class='ocrx_word' id='word_1_36' title='bbox 1055 476 1143 516; x_wconf 91' lang='lat' dir='ltr'>sind</span> <span class='ocrx_word' id='word_1_37' title='bbox 1170 489 1219 515; x_wconf 90' lang='lat' dir='ltr'>zu</span> <span class='ocrx_word' id='word_1_38' title='bbox 1246 474 1354 522; x_wconf 88' lang='lat' dir='ltr'>viele,</span> <span class='ocrx_word' id='word_1_39' title='bbox 1383 487 1451 513; x_wconf 92' lang='lat' dir='ltr'>um</span> <span class='ocrx_word' id='word_1_40' title='bbox 1478 473 1613 524; x_wconf 81' lang='lat' dir='ltr'>irgend</span> 
     </span>
     <span class='ocr_line' id='line_1_6' title="bbox 205 532 1615 591; baseline -0.009 -7"><span class='ocrx_word' id='word_1_41' title='bbox 205 544 291 584; x_wconf 90' lang='lat' dir='ltr'>eine</span> <span class='ocrx_word' id='word_1_42' title='bbox 318 543 447 582; x_wconf 82' lang='lat' dir='ltr'>tiefere</span> <span class='ocrx_word' id='word_1_43' title='bbox 474 538 759 591; x_wconf 71' lang='lat' dir='ltr'>Abhangigkeit</span> <span class='ocrx_word' id='word_1_44' title='bbox 787 551 834 578; x_wconf 90' lang='lat' dir='ltr'>zu</span> <span class='ocrx_word' id='word_1_45' title='bbox 862 536 1084 577; x_wconf 86' lang='lat' dir='ltr'>statuieren.</span> <span class='ocrx_word' id='word_1_46' title='bbox 1138 535 1214 575; x_wconf 85' lang='lat' dir='ltr'>Der</span> <span class='ocrx_word' id='word_1_47' title='bbox 1249 532 1518 574; x_wconf 85' lang='lat' dir='ltr'>orientalische</span> <span class='ocrx_word' id='word_1_48' title='bbox 1545 532 1615 572; x_wconf 89' lang='lat' dir='ltr'>Ur-</span> 
     </span>
     <span class='ocr_line' id='line_1_7' title="bbox 205 592 1614 655; baseline -0.009 -12"><span class='ocrx_word' id='word_1_49' title='bbox 205 616 351 655; x_wconf 88' lang='lat' dir='ltr'>sprung</span> <span class='ocrx_word' id='word_1_50' title='bbox 377 601 474 641; x_wconf 91' lang='lat' dir='ltr'>wird</span> <span class='ocrx_word' id='word_1_51' title='bbox 510 601 609 640; x_wconf 86' lang='lat' dir='ltr'>auch</span> <span class='ocrx_word' id='word_1_52' title='bbox 646 599 714 638; x_wconf 85' lang='lat' dir='ltr'>der</span> <span class='ocrx_word' id='word_1_53' title='bbox 741 598 893 638; x_wconf 84' lang='lat' dir='ltr'>Inclusa</span> <span class='ocrx_word' id='word_1_54' title='bbox 930 595 1035 636; x_wconf 85' lang='lat' dir='ltr'>nicht</span> <span class='ocrx_word' id='word_1_55' title='bbox 1069 594 1356 646; x_wconf 87' lang='lat' dir='ltr'>abzusprechen</span> <span class='ocrx_word' id='word_1_56' title='bbox 1385 592 1481 633; x_wconf 88' lang='lat' dir='ltr'>sein.</span> <span class='ocrx_word' id='word_1_57' title='bbox 1538 592 1614 631; x_wconf 85' lang='lat' dir='ltr'>Das</span> 
     </span>
     <span class='ocr_line' id='line_1_8' title="bbox 204 651 1615 713; baseline -0.009 -11"><span class='ocrx_word' id='word_1_58' title='bbox 204 660 499 713; x_wconf 80' lang='lat' dir='ltr'>Anfangsmotiv</span> <span class='ocrx_word' id='word_1_59' title='bbox 526 660 594 699; x_wconf 89' lang='lat' dir='ltr'>des</span> <span class='ocrx_word' id='word_1_60' title='bbox 608 659 825 698; x_wconf 68' lang='lat' dir='ltr'>Traumens</span> <span class='ocrx_word' id='word_1_61' title='bbox 845 669 921 695; x_wconf 90' lang='lat' dir='ltr'>von</span> <span class='ocrx_word' id='word_1_62' title='bbox 949 655 1075 695; x_wconf 89' lang='lat' dir='ltr'>einem</span> <span class='ocrx_word' id='word_1_63' title='bbox 1103 655 1239 694; x_wconf 90' lang='lat' dir='ltr'>fernen</span> <span class='ocrx_word' id='word_1_64' title='bbox 1266 652 1455 704; x_wconf 87' lang='lat' dir='ltr'>geliebten</span> <span class='ocrx_word' id='word_1_65' title='bbox 1469 651 1615 691; x_wconf 67' lang='lat' dir='ltr'>Waeen</span> 
     </span>
     <span class='ocr_line' id='line_1_9' title="bbox 204 712 1616 767; baseline -0.008 -5"><span class='ocrx_word' id='word_1_66' title='bbox 204 721 315 762; x_wconf 83' lang='lat' dir='ltr'>weist</span> <span class='ocrx_word' id='word_1_67' title='bbox 341 720 479 760; x_wconf 82' lang='lat' dir='ltr'>darauf</span> <span class='ocrx_word' id='word_1_68' title='bbox 502 718 570 758; x_wconf 90' lang='lat' dir='ltr'>hin</span> <span class='ocrx_word' id='word_1_69' title='bbox 599 717 827 767; x_wconf 84' lang='lat' dir='ltr'>(Parallelen</span> <span class='ocrx_word' id='word_1_70' title='bbox 864 715 925 754; x_wconf 89' lang='lat' dir='ltr'>bei</span> <span class='ocrx_word' id='word_1_71' title='bbox 955 715 1139 754; x_wconf 85' lang='lat' dir='ltr'>Clouston</span> <span class='ocrx_word' id='word_1_72' title='bbox 1167 727 1202 754; x_wconf 88' lang='lat' dir='ltr'>a.</span> <span class='ocrx_word' id='word_1_73' title='bbox 1225 727 1259 753; x_wconf 88' lang='lat' dir='ltr'>a.</span> <span class='ocrx_word' id='word_1_74' title='bbox 1284 713 1330 752; x_wconf 92' lang='lat' dir='ltr'>O.</span> <span class='ocrx_word' id='word_1_75' title='bbox 1356 726 1393 763; x_wconf 88' lang='lat' dir='ltr'>p.</span> <span class='ocrx_word' id='word_1_76' title='bbox 1420 712 1512 760; x_wconf 80' lang='lat'>346,</span> <span class='ocrx_word' id='word_1_77' title='bbox 1547 712 1616 751; x_wconf 90' lang='lat' dir='ltr'>der</span> 
     </span>
     <span class='ocr_line' id='line_1_10' title="bbox 205 771 1615 826; baseline -0.009 -5"><span class='ocrx_word' id='word_1_78' title='bbox 205 781 351 821; x_wconf 85' lang='lat' dir='ltr'>Traum</span> <span class='ocrx_word' id='word_1_79' title='bbox 379 780 459 819; x_wconf 90' lang='lat' dir='ltr'>und</span> <span class='ocrx_word' id='word_1_80' title='bbox 488 778 550 818; x_wconf 92' lang='lat' dir='ltr'>ein</span> <span class='ocrx_word' id='word_1_81' title='bbox 568 776 806 817; x_wconf 86' lang='lat' dir='ltr'>Liebesbrief</span> <span class='ocrx_word' id='word_1_82' title='bbox 830 775 940 826; x_wconf 88' lang='lat' dir='ltr'>spielt</span> <span class='ocrx_word' id='word_1_83' title='bbox 968 774 1066 814; x_wconf 87' lang='lat' dir='ltr'>auch</span> <span class='ocrx_word' id='word_1_84' title='bbox 1087 774 1172 813; x_wconf 88' lang='lat' dir='ltr'>dort</span> <span class='ocrx_word' id='word_1_85' title='bbox 1190 772 1276 812; x_wconf 91' lang='lat' dir='ltr'>eine</span> <span class='ocrx_word' id='word_1_86' title='bbox 1295 772 1416 820; x_wconf 86' lang='lat' dir='ltr'>Rolle,</span> <span class='ocrx_word' id='word_1_87' title='bbox 1446 771 1615 811; x_wconf 67' lang='lat' dir='ltr'>namlich</span> 
     </span>
     <span class='ocr_line' id='line_1_11' title="bbox 205 830 1615 882; baseline -0.008 -2"><span class='ocrx_word' id='word_1_88' title='bbox 205 841 246 880; x_wconf 88' lang='lat' dir='ltr'>in</span> <span class='ocrx_word' id='word_1_89' title='bbox 286 841 354 879; x_wconf 91' lang='lat' dir='ltr'>der</span> <span class='ocrx_word' id='word_1_90' title='bbox 382 838 634 878; x_wconf 67' lang='lat' dir='ltr'>Vasavadatta</span> <span class='ocrx_word' id='word_1_91' title='bbox 662 837 729 876; x_wconf 87' lang='lat' dir='ltr'>des</span> <span class='ocrx_word' id='word_1_92' title='bbox 767 833 983 875; x_wconf 89' lang='lat' dir='ltr'>Subandhu</span> <span class='ocrx_word' id='word_1_93' title='bbox 1011 834 1066 882; x_wconf 82' lang='lat'>[7.</span> <span class='ocrx_word' id='word_1_94' title='bbox 1095 833 1247 882; x_wconf 79' lang='lat' dir='ltr'>Jhdt.]).</span> <span class='ocrx_word' id='word_1_95' title='bbox 1303 832 1432 871; x_wconf 86' lang='lat' dir='ltr'>Etwas</span> <span class='ocrx_word' id='word_1_96' title='bbox 1474 830 1615 870; x_wconf 86' lang='lat' dir='ltr'>abseits</span> 
     </span>
     <span class='ocr_line' id='line_1_12' title="bbox 207 890 1615 940; baseline -0.008 0"><span class='ocrx_word' id='word_1_97' title='bbox 207 900 310 940; x_wconf 85' lang='lat' dir='ltr'>steht</span> <span class='ocrx_word' id='word_1_98' title='bbox 336 900 405 938; x_wconf 88' lang='lat' dir='ltr'>das</span> <span class='ocrx_word' id='word_1_99' title='bbox 432 897 654 937; x_wconf 86' lang='lat' dir='ltr'>verwandte</span> <span class='ocrx_word' id='word_1_100' title='bbox 681 894 798 935; x_wconf 78' lang='lat' dir='ltr'>Motiv</span> <span class='ocrx_word' id='word_1_101' title='bbox 827 907 915 934; x_wconf 92' lang='lat' dir='ltr'>vom</span> <span class='ocrx_word' id='word_1_102' title='bbox 934 893 1137 933; x_wconf 88' lang='lat' dir='ltr'>Verlieben</span> <span class='ocrx_word' id='word_1_103' title='bbox 1166 893 1207 932; x_wconf 92' lang='lat' dir='ltr'>in</span> <span class='ocrx_word' id='word_1_104' title='bbox 1236 892 1299 931; x_wconf 92' lang='lat' dir='ltr'>ein</span> <span class='ocrx_word' id='word_1_105' title='bbox 1327 891 1480 930; x_wconf 68' lang='lat' dir='ltr'>Portrat</span> <span class='ocrx_word' id='word_1_106' title='bbox 1509 891 1556 939; x_wconf 91' lang='lat' dir='ltr'>(z.</span> <span class='ocrx_word' id='word_1_107' title='bbox 1574 890 1615 929; x_wconf 90' lang='lat' dir='ltr'>B.</span> 
     </span>
     <span class='ocr_line' id='line_1_13' title="bbox 209 951 1616 1005; baseline -0.007 -6"><span class='ocrx_word' id='word_1_108' title='bbox 209 959 350 999; x_wconf 90' lang='lat' dir='ltr'>Sieben</span> <span class='ocrx_word' id='word_1_109' title='bbox 390 957 523 997; x_wconf 87' lang='lat' dir='ltr'>Vezire</span> <span class='ocrx_word' id='word_1_110' title='bbox 566 955 627 996; x_wconf 91' lang='lat' dir='ltr'>bei</span> <span class='ocrx_word' id='word_1_111' title='bbox 667 955 850 995; x_wconf 89' lang='lat' dir='ltr'>Clouston</span> <span class='ocrx_word' id='word_1_112' title='bbox 895 968 932 1005; x_wconf 90' lang='lat' dir='ltr'>p.</span> <span class='ocrx_word' id='word_1_113' title='bbox 967 954 1055 1000; x_wconf 84' lang='lat'>166,</span> <span class='ocrx_word' id='word_1_114' title='bbox 1097 954 1211 992; x_wconf 89' lang='lat' dir='ltr'>nebst</span> <span class='ocrx_word' id='word_1_115' title='bbox 1247 951 1616 1002; x_wconf 82' lang='lat' dir='ltr'>Literaturangaben</span> 
     </span>
     <span class='ocr_line' id='line_1_14' title="bbox 208 1010 1617 1071; baseline -0.007 -12"><span class='ocrx_word' id='word_1_116' title='bbox 208 1033 246 1071; x_wconf 87' lang='lat' dir='ltr'>p.</span> <span class='ocrx_word' id='word_1_117' title='bbox 260 1019 339 1058; x_wconf 87' lang='lat'>303</span> <span class='ocrx_word' id='word_1_118' title='bbox 376 1018 456 1057; x_wconf 89' lang='lat' dir='ltr'>und</span> <span class='ocrx_word' id='word_1_119' title='bbox 493 1017 565 1056; x_wconf 89' lang='lat' dir='ltr'>den</span> <span class='ocrx_word' id='word_1_120' title='bbox 596 1014 807 1055; x_wconf 87' lang='lat' dir='ltr'>Varianten</span> <span class='ocrx_word' id='word_1_121' title='bbox 841 1015 910 1054; x_wconf 88' lang='lat' dir='ltr'>des</span> <span class='ocrx_word' id='word_1_122' title='bbox 944 1012 1326 1063; x_wconf 72' lang='lat' dir='ltr'>Dacakumaracarita</span> <span class='ocrx_word' id='word_1_123' title='bbox 1362 1012 1428 1051; x_wconf 86' lang='lat' dir='ltr'>des</span> <span class='ocrx_word' id='word_1_124' title='bbox 1464 1010 1617 1050; x_wconf 87' lang='lat' dir='ltr'>Dandin</span> 
     </span>
     <span class='ocr_line' id='line_1_15' title="bbox 209 1070 1616 1127; baseline -0.005 -10"><span class='ocrx_word' id='word_1_125' title='bbox 209 1079 264 1127; x_wconf 86' lang='lat'>[6.</span> <span class='ocrx_word' id='word_1_126' title='bbox 279 1078 399 1127; x_wconf 66' lang='lat' dir='ltr'>Jhdt]</span> <span class='ocrx_word' id='word_1_127' title='bbox 429 1076 510 1116; x_wconf 90' lang='lat' dir='ltr'>und</span> <span class='ocrx_word' id='word_1_128' title='bbox 537 1076 604 1115; x_wconf 91' lang='lat' dir='ltr'>der</span> <span class='ocrx_word' id='word_1_129' title='bbox 617 1072 1048 1126; x_wconf 70' lang='lat' dir='ltr'>Vetalapasscavimcati3</span> <span class='ocrx_word' id='word_1_130' title='bbox 1077 1072 1149 1123; x_wconf 88' lang='lat' dir='ltr'>vgl.</span> <span class='ocrx_word' id='word_1_131' title='bbox 1179 1072 1275 1112; x_wconf 87' lang='lat' dir='ltr'>dazu</span> <span class='ocrx_word' id='word_1_132' title='bbox 1303 1070 1491 1119; x_wconf 87' lang='lat' dir='ltr'>Chauvin‚</span> <span class='ocrx_word' id='word_1_133' title='bbox 1521 1070 1616 1110; x_wconf 91' lang='lat' dir='ltr'>Bibl.</span> 
     </span>
     <span class='ocr_line' id='line_1_16' title="bbox 209 1131 1620 1189; baseline -0.005 -12"><span class='ocrx_word' id='word_1_134' title='bbox 209 1151 263 1177; x_wconf 90' lang='lat' dir='ltr'>ar.</span> <span class='ocrx_word' id='word_1_135' title='bbox 277 1137 323 1184; x_wconf 82' lang='lat' dir='ltr'>V,</span> <span class='ocrx_word' id='word_1_136' title='bbox 339 1151 375 1189; x_wconf 91' lang='lat' dir='ltr'>p.</span> <span class='ocrx_word' id='word_1_137' title='bbox 394 1137 495 1184; x_wconf 69' lang='lat'><strong>132).</strong></span> <span class='ocrx_word' id='word_1_138' title='bbox 538 1134 607 1174; x_wconf 89' lang='lat' dir='ltr'>Die</span> <span class='ocrx_word' id='word_1_139' title='bbox 625 1134 779 1174; x_wconf 86' lang='lat' dir='ltr'>weitere</span> <span class='ocrx_word' id='word_1_140' title='bbox 798 1132 1067 1183; x_wconf 86' lang='lat' dir='ltr'>Entwicklung</span> <span class='ocrx_word' id='word_1_141' title='bbox 1096 1132 1163 1170; x_wconf 89' lang='lat' dir='ltr'>der</span> <span class='ocrx_word' id='word_1_142' title='bbox 1182 1131 1411 1171; x_wconf 86' lang='lat' dir='ltr'>Geschichte</span> <span class='ocrx_word' id='word_1_143' title='bbox 1430 1131 1620 1180; x_wconf 89' lang='lat' dir='ltr'>(Verkehr</span> 
     </span>
     <span class='ocr_line' id='line_1_17' title="bbox 209 1190 1619 1247; baseline -0.006 -10"><span class='ocrx_word' id='word_1_144' title='bbox 209 1198 277 1237; x_wconf 85' lang='lat' dir='ltr'>des</span> <span class='ocrx_word' id='word_1_145' title='bbox 304 1197 575 1247; x_wconf 85' lang='lat' dir='ltr'>Liebespaares</span> <span class='ocrx_word' id='word_1_146' title='bbox 601 1194 759 1234; x_wconf 86' lang='lat' dir='ltr'>mittelst</span> <span class='ocrx_word' id='word_1_147' title='bbox 781 1193 887 1233; x_wconf 87' lang='lat' dir='ltr'>eines</span> <span class='ocrx_word' id='word_1_148' title='bbox 914 1191 1220 1232; x_wconf 86' lang='lat' dir='ltr'>unterirdischen</span> <span class='ocrx_word' id='word_1_149' title='bbox 1245 1191 1399 1241; x_wconf 84' lang='lat' dir='ltr'>Ganges</span> <span class='ocrx_word' id='word_1_150' title='bbox 1427 1190 1619 1230; x_wconf 90' lang='lat' dir='ltr'>zwischen</span> 
     </span>
     <span class='ocr_line' id='line_1_18' title="bbox 211 1244 1621 1303; baseline -0.005 -7"><span class='ocrx_word' id='word_1_151' title='bbox 211 1256 304 1296; x_wconf 88' lang='lat' dir='ltr'>zwei</span> <span class='ocrx_word' id='word_1_152' title='bbox 348 1255 716 1303; x_wconf 69' lang='lat' dir='ltr'>Nachbarhausern)</span> <span class='ocrx_word' id='word_1_153' title='bbox 770 1254 836 1293; x_wconf 88' lang='lat' dir='ltr'>hat</span> <span class='ocrx_word' id='word_1_154' title='bbox 883 1253 945 1292; x_wconf 91' lang='lat' dir='ltr'>die</span> <span class='ocrx_word' id='word_1_155' title='bbox 989 1252 1124 1303; x_wconf 68' lang='lat' dir='ltr'>grcsste</span> <span class='ocrx_word' id='word_1_156' title='bbox 1155 1244 1403 1290; x_wconf 70' lang='lat' dir='ltr'>Ahnlichkeit</span> <span class='ocrx_word' id='word_1_157' title='bbox 1444 1250 1513 1290; x_wconf 88' lang='lat' dir='ltr'>mit</span> <span class='ocrx_word' id='word_1_158' title='bbox 1554 1251 1621 1290; x_wconf 88' lang='lat' dir='ltr'>der</span> 
     </span>
     <span class='ocr_line' id='line_1_19' title="bbox 212 1310 1620 1362; baseline -0.004 -7"><span class='ocrx_word' id='word_1_159' title='bbox 212 1329 286 1355; x_wconf 91' lang='lat' dir='ltr'>von</span> <span class='ocrx_word' id='word_1_160' title='bbox 315 1315 535 1355; x_wconf 89' lang='lat' dir='ltr'>Chauvin</span> <span class='ocrx_word' id='word_1_161' title='bbox 564 1319 677 1353; x_wconf 84' lang='lat' dir='ltr'>unter</span> <span class='ocrx_word' id='word_1_162' title='bbox 695 1313 762 1353; x_wconf 91' lang='lat' dir='ltr'>Nr.</span> <span class='ocrx_word' id='word_1_163' title='bbox 776 1314 826 1352; x_wconf 88' lang='grc'>67</span> <span class='ocrx_word' id='word_1_164' title='bbox 848 1312 1045 1362; x_wconf 88' lang='lat' dir='ltr'>(Bibliogr.</span> <span class='ocrx_word' id='word_1_165' title='bbox 1066 1312 1133 1351; x_wconf 90' lang='lat' dir='ltr'>des</span> <span class='ocrx_word' id='word_1_166' title='bbox 1153 1323 1340 1362; x_wconf 77' lang='lat' dir='ltr'>ouvrages</span> <span class='ocrx_word' id='word_1_167' title='bbox 1359 1311 1508 1358; x_wconf 81' lang='lat' dir='ltr'>arabes,</span> <span class='ocrx_word' id='word_1_168' title='bbox 1524 1310 1620 1357; x_wconf 91' lang='lat' dir='ltr'>VIII,</span> 
     </span>
     <span class='ocr_line' id='line_1_20' title="bbox 211 1370 1621 1426; baseline -0.004 -12"><span class='ocrx_word' id='word_1_169' title='bbox 211 1388 248 1426; x_wconf 88' lang='lat' dir='ltr'>p.</span> <span class='ocrx_word' id='word_1_170' title='bbox 263 1375 332 1423; x_wconf 86' lang='lat'>95)</span> <span class='ocrx_word' id='word_1_171' title='bbox 370 1373 614 1414; x_wconf 87' lang='lat' dir='ltr'>analisierten</span> <span class='ocrx_word' id='word_1_172' title='bbox 655 1372 883 1413; x_wconf 85' lang='lat' dir='ltr'>Geschichte</span> <span class='ocrx_word' id='word_1_173' title='bbox 926 1371 1002 1411; x_wconf 85' lang='lat' dir='ltr'>‹Le</span> <span class='ocrx_word' id='word_1_174' title='bbox 1042 1371 1174 1410; x_wconf 87' lang='lat' dir='ltr'>foulon</span> <span class='ocrx_word' id='word_1_175' title='bbox 1216 1376 1253 1410; x_wconf 89' lang='lat' dir='ltr'>et</span> <span class='ocrx_word' id='word_1_176' title='bbox 1288 1370 1323 1410; x_wconf 87' lang='lat' dir='ltr'>le</span> <span class='ocrx_word' id='word_1_177' title='bbox 1364 1371 1511 1410; x_wconf 83' lang='lat' dir='ltr'>soldat›</span> <span class='ocrx_word' id='word_1_178' title='bbox 1551 1383 1621 1409; x_wconf 83' lang='lat' dir='ltr'>aus</span> 
     </span>
     <span class='ocr_line' id='line_1_21' title="bbox 215 1430 1622 1484; baseline -0.004 -11"><span class='ocrx_word' id='word_1_179' title='bbox 215 1435 314 1473; x_wconf 88' lang='lat'>1001</span> <span class='ocrx_word' id='word_1_180' title='bbox 348 1433 474 1473; x_wconf 89' lang='lat' dir='ltr'>Nacht</span> <span class='ocrx_word' id='word_1_181' title='bbox 509 1433 599 1484; x_wconf 84' lang='lat' dir='ltr'>(vgl.</span> <span class='ocrx_word' id='word_1_182' title='bbox 628 1432 804 1472; x_wconf 84' lang='lat' dir='ltr'>Chauvin</span> <span class='ocrx_word' id='word_1_183' title='bbox 823 1432 868 1478; x_wconf 90' lang='lat' dir='ltr'>V,</span> <span class='ocrx_word' id='word_1_184' title='bbox 888 1431 1197 1483; x_wconf 72' lang='lat' dir='ltr'><strong>p.212--214).·</strong></span> <span class='ocrx_word' id='word_1_185' title='bbox 1237 1430 1332 1470; x_wconf 86' lang='lat' dir='ltr'>Eine</span> <span class='ocrx_word' id='word_1_186' title='bbox 1368 1430 1622 1469; x_wconf 83' lang='lat' dir='ltr'>interessante</span> 
     </span>
     <span class='ocr_line' id='line_1_22' title="bbox 211 1490 1621 1540; baseline -0.003 -8"><span class='ocrx_word' id='word_1_187' title='bbox 211 1493 395 1532; x_wconf 87' lang='lat' dir='ltr'>Parallele</span> <span class='ocrx_word' id='word_1_188' title='bbox 419 1492 521 1532; x_wconf 86' lang='lat' dir='ltr'>steht</span> <span class='ocrx_word' id='word_1_189' title='bbox 539 1493 576 1532; x_wconf 91' lang='lat' dir='ltr'>in</span> <span class='ocrx_word' id='word_1_190' title='bbox 598 1492 703 1531; x_wconf 88' lang='lat' dir='ltr'>einer</span> <span class='ocrx_word' id='word_1_191' title='bbox 722 1505 797 1531; x_wconf 83' lang='lat' dir='ltr'>von</span> <span class='ocrx_word' id='word_1_192' title='bbox 816 1491 891 1531; x_wconf 88' lang='lat' dir='ltr'>mir</span> <span class='ocrx_word' id='word_1_193' title='bbox 909 1491 950 1530; x_wconf 92' lang='lat' dir='ltr'>in</span> <span class='ocrx_word' id='word_1_194' title='bbox 978 1490 1264 1540; x_wconf 83' lang='lat' dir='ltr'>Cambridge</span> <span class='ocrx_word' id='word_1_195' title='bbox 1301 1490 1527 1529; x_wconf 89' lang='lat' dir='ltr'>entdeckten</span> <span class='ocrx_word' id='word_1_196' title='bbox 1557 1490 1621 1529; x_wconf 85' lang='lat' dir='ltr'>lat.</span> 
     </span>
     <span class='ocr_line' id='line_1_23' title="bbox 210 1548 1621 1600; baseline -0.004 -8"><span class='ocrx_word' id='word_1_197' title='bbox 210 1552 281 1592; x_wconf 84' lang='lat' dir='ltr'>Hs.</span> <span class='ocrx_word' id='word_1_198' title='bbox 297 1552 363 1592; x_wconf 89' lang='lat' dir='ltr'>des</span> <span class='ocrx_word' id='word_1_199' title='bbox 377 1552 437 1592; x_wconf 89' lang='lat'>13.</span> <span class='ocrx_word' id='word_1_200' title='bbox 451 1552 573 1592; x_wconf 86' lang='lat' dir='ltr'>Jhdts.</span> <span class='ocrx_word' id='word_1_201' title='bbox 604 1551 667 1591; x_wconf 91' lang='lat' dir='ltr'>Sie</span> <span class='ocrx_word' id='word_1_202' title='bbox 679 1552 795 1591; x_wconf 85' lang='lat' dir='ltr'>bietet</span> <span class='ocrx_word' id='word_1_203' title='bbox 804 1551 878 1590; x_wconf 88' lang='lat' dir='ltr'>den</span> <span class='ocrx_word' id='word_1_204' title='bbox 891 1549 1038 1590; x_wconf 68' lang='lat' dir='ltr'>Schlufa</span> <span class='ocrx_word' id='word_1_205' title='bbox 1053 1562 1213 1589; x_wconf 88' lang='lat' dir='ltr'>unserer</span> <span class='ocrx_word' id='word_1_206' title='bbox 1226 1548 1445 1600; x_wconf 67' lang='lat' dir='ltr'>Erziihlung</span> <span class='ocrx_word' id='word_1_207' title='bbox 1459 1549 1621 1588; x_wconf 86' lang='lat' dir='ltr'>Inclusa.</span> 
     </span>
     <span class='ocr_line' id='line_1_24' title="bbox 211 1608 1622 1662; baseline -0.003 -11"><span class='ocrx_word' id='word_1_208' title='bbox 211 1611 276 1651; x_wconf 88' lang='lat' dir='ltr'>Sie</span> <span class='ocrx_word' id='word_1_209' title='bbox 300 1611 393 1662; x_wconf 85' lang='lat' dir='ltr'>zeigt</span> <span class='ocrx_word' id='word_1_210' title='bbox 417 1611 513 1651; x_wconf 90' lang='lat' dir='ltr'>auch</span> <span class='ocrx_word' id='word_1_211' title='bbox 534 1610 821 1651; x_wconf 85' lang='lat' dir='ltr'>orientalisches</span> <span class='ocrx_word' id='word_1_212' title='bbox 839 1609 986 1649; x_wconf 87' lang='lat' dir='ltr'>Kolorit</span> <span class='ocrx_word' id='word_1_213' title='bbox 1005 1610 1085 1649; x_wconf 92' lang='lat' dir='ltr'>und</span> <span class='ocrx_word' id='word_1_214' title='bbox 1106 1609 1160 1649; x_wconf 90' lang='lat' dir='ltr'>sei</span> <span class='ocrx_word' id='word_1_215' title='bbox 1179 1609 1298 1648; x_wconf 89' lang='lat' dir='ltr'>daher</span> <span class='ocrx_word' id='word_1_216' title='bbox 1317 1608 1400 1648; x_wconf 89' lang='lat' dir='ltr'>hier</span> <span class='ocrx_word' id='word_1_217' title='bbox 1420 1608 1622 1648; x_wconf 86' lang='lat' dir='ltr'>nochmals</span> 
     </span>
     <span class='ocr_line' id='line_1_25' title="bbox 211 1667 1623 1722; baseline -0.004 -11"><span class='ocrx_word' id='word_1_218' title='bbox 211 1670 406 1722; x_wconf 86' lang='lat' dir='ltr'>mitgeteilt</span> <span class='ocrx_word' id='word_1_219' title='bbox 452 1670 571 1720; x_wconf 86' lang='lat' dir='ltr'>(Petri</span> <span class='ocrx_word' id='word_1_220' title='bbox 616 1670 765 1709; x_wconf 89' lang='lat' dir='ltr'>Alfonsi</span> <span class='ocrx_word' id='word_1_221' title='bbox 810 1669 1018 1721; x_wconf 86' lang='lat' dir='ltr'>Disciplina</span> <span class='ocrx_word' id='word_1_222' title='bbox 1064 1668 1254 1709; x_wconf 84' lang='lat' dir='ltr'>Clericalis</span> <span class='ocrx_word' id='word_1_223' title='bbox 1296 1681 1372 1707; x_wconf 89' lang='lat' dir='ltr'>von</span> <span class='ocrx_word' id='word_1_224' title='bbox 1404 1667 1450 1707; x_wconf 83' lang='lat' dir='ltr'>A.</span> <span class='ocrx_word' id='word_1_225' title='bbox 1485 1667 1623 1707; x_wconf 86' lang='lat' dir='ltr'>Hilka</span> 
     </span>
     <span class='ocr_line' id='line_1_26' title="bbox 211 1726 1622 1782; baseline -0.003 -12"><span class='ocrx_word' id='word_1_226' title='bbox 211 1731 292 1770; x_wconf 88' lang='lat' dir='ltr'>und</span> <span class='ocrx_word' id='word_1_227' title='bbox 334 1729 397 1769; x_wconf 91' lang='lat' dir='ltr'>W.</span> <span class='ocrx_word' id='word_1_228' title='bbox 427 1729 761 1781; x_wconf 71' lang='lat' dir='ltr'>Soderhjelm,</span> <span class='ocrx_word' id='word_1_229' title='bbox 806 1728 1054 1782; x_wconf 29' lang='lat' dir='ltr'>‚Helsingfors</span> <span class='ocrx_word' id='word_1_230' title='bbox 1105 1729 1200 1767; x_wconf 87' lang='grc'><strong>1911</strong></span> <span class='ocrx_word' id='word_1_231' title='bbox 1262 1727 1376 1777; x_wconf 84' lang='lat' dir='ltr'>[Acta</span> <span class='ocrx_word' id='word_1_232' title='bbox 1423 1726 1622 1767; x_wconf 86' lang='lat' dir='ltr'>Societatis</span> 
     </span>
     <span class='ocr_line' id='line_1_27' title="bbox 213 1787 1622 1838; baseline -0.003 -9"><span class='ocrx_word' id='word_1_233' title='bbox 213 1789 465 1830; x_wconf 86' lang='lat' dir='ltr'>Scientiarum</span> <span class='ocrx_word' id='word_1_234' title='bbox 504 1789 709 1836; x_wconf 87' lang='lat' dir='ltr'>Fennicae‚</span> <span class='ocrx_word' id='word_1_235' title='bbox 738 1794 765 1828; x_wconf 89' lang='lat' dir='ltr'>t.</span> <span class='ocrx_word' id='word_1_236' title='bbox 795 1788 997 1836; x_wconf 87' lang='lat' dir='ltr'>XXXVIII,</span> <span class='ocrx_word' id='word_1_237' title='bbox 1025 1787 1093 1827; x_wconf 91' lang='lat' dir='ltr'>Nr.</span> <span class='ocrx_word' id='word_1_238' title='bbox 1120 1787 1176 1836; x_wconf 73' lang='lat'>4]‚</span> <span class='ocrx_word' id='word_1_239' title='bbox 1206 1801 1242 1838; x_wconf 93' lang='lat' dir='ltr'>p.</span> <span class='ocrx_word' id='word_1_240' title='bbox 1272 1788 1335 1835; x_wconf 85' lang='lat'>70,</span> <span class='ocrx_word' id='word_1_241' title='bbox 1351 1787 1440 1835; x_wconf 86' lang='lat'>31):</span> <span class='ocrx_word' id='word_1_242' title='bbox 1475 1787 1622 1826; x_wconf 86' lang='lat' dir='ltr'>Recon-</span> 
     </span>
     <span class='ocr_line' id='line_1_28' title="bbox 212 1846 1622 1898; baseline -0.003 -10"><span class='ocrx_word' id='word_1_243' title='bbox 212 1848 407 1889; x_wconf 89' lang='lat' dir='ltr'>ciliacione</span> <span class='ocrx_word' id='word_1_244' title='bbox 434 1848 560 1898; x_wconf 86' lang='lat' dir='ltr'>itaque</span> <span class='ocrx_word' id='word_1_245' title='bbox 588 1849 686 1888; x_wconf 82' lang='lat' dir='ltr'>facta</span> <span class='ocrx_word' id='word_1_246' title='bbox 724 1861 844 1887; x_wconf 83' lang='lat' dir='ltr'>novas</span> <span class='ocrx_word' id='word_1_247' title='bbox 872 1846 1047 1887; x_wconf 85' lang='lat' dir='ltr'>adulterii</span> <span class='ocrx_word' id='word_1_248' title='bbox 1076 1846 1277 1886; x_wconf 87' lang='lat' dir='ltr'>machinas</span> <span class='ocrx_word' id='word_1_249' title='bbox 1317 1846 1514 1886; x_wconf 85' lang='lat' dir='ltr'>constituit</span> <span class='ocrx_word' id='word_1_250' title='bbox 1546 1846 1622 1885; x_wconf 88' lang='lat' dir='ltr'>illa.</span> 
     </span>
     <span class='ocr_line' id='line_1_29' title="bbox 213 1906 1624 1957; baseline -0.002 -9"><span class='ocrx_word' id='word_1_251' title='bbox 213 1908 311 1948; x_wconf 90' lang='lat' dir='ltr'>Cum</span> <span class='ocrx_word' id='word_1_252' title='bbox 348 1908 452 1948; x_wconf 90' lang='lat' dir='ltr'>enim</span> <span class='ocrx_word' id='word_1_253' title='bbox 489 1908 550 1947; x_wconf 88' lang='lat' dir='ltr'>ille</span> <span class='ocrx_word' id='word_1_254' title='bbox 589 1920 637 1947; x_wconf 81' lang='lat' dir='ltr'>ex</span> <span class='ocrx_word' id='word_1_255' title='bbox 674 1907 773 1947; x_wconf 89' lang='lat' dir='ltr'>illius</span> <span class='ocrx_word' id='word_1_256' title='bbox 810 1907 970 1947; x_wconf 88' lang='lat' dir='ltr'>consilio</span> <span class='ocrx_word' id='word_1_257' title='bbox 1010 1907 1169 1946; x_wconf 90' lang='lat' dir='ltr'>domum</span> <span class='ocrx_word' id='word_1_258' title='bbox 1207 1906 1363 1946; x_wconf 86' lang='lat' dir='ltr'>emisset</span> <span class='ocrx_word' id='word_1_259' title='bbox 1397 1920 1421 1945; x_wconf 89' lang='lat' dir='ltr'>a</span> <span class='ocrx_word' id='word_1_260' title='bbox 1457 1918 1624 1957; x_wconf 84' lang='lat' dir='ltr'>paupere</span> 
     </span>
     <span class='ocr_line' id='line_1_30' title="bbox 212 1965 1624 2019; baseline -0.002 -12"><span class='ocrx_word' id='word_1_261' title='bbox 212 1967 343 2007; x_wconf 88' lang='lat' dir='ltr'>domui</span> <span class='ocrx_word' id='word_1_262' title='bbox 372 1967 431 2007; x_wconf 89' lang='lat' dir='ltr'>sui</span> <span class='ocrx_word' id='word_1_263' title='bbox 459 1967 549 2007; x_wconf 90' lang='lat' dir='ltr'>socii</span> <span class='ocrx_word' id='word_1_264' title='bbox 578 1967 811 2019; x_wconf 83' lang='lat' dir='ltr'>contiguam,</span> <span class='ocrx_word' id='word_1_265' title='bbox 841 1967 1135 2007; x_wconf 83' lang='lat' dir='ltr'>subterraneam</span> <span class='ocrx_word' id='word_1_266' title='bbox 1163 1966 1329 2017; x_wconf 79' lang='lat' dir='ltr'>perforat</span> <span class='ocrx_word' id='word_1_267' title='bbox 1357 1965 1420 2005; x_wconf 84' lang='lat' dir='ltr'>ille</span> <span class='ocrx_word' id='word_1_268' title='bbox 1448 1966 1548 2005; x_wconf 87' lang='lat' dir='ltr'>viam</span> <span class='ocrx_word' id='word_1_269' title='bbox 1577 1966 1624 2004; x_wconf 93' lang='lat' dir='ltr'>de</span> 
     </span>
     <span class='ocr_line' id='line_1_31' title="bbox 214 2024 1623 2077; baseline -0.003 -10"><span class='ocrx_word' id='word_1_270' title='bbox 214 2028 328 2067; x_wconf 88' lang='lat' dir='ltr'>domo</span> <span class='ocrx_word' id='word_1_271' title='bbox 356 2026 397 2066; x_wconf 93' lang='lat' dir='ltr'>in</span> <span class='ocrx_word' id='word_1_272' title='bbox 417 2026 530 2066; x_wconf 88' lang='lat' dir='ltr'>aliam</span> <span class='ocrx_word' id='word_1_273' title='bbox 549 2027 792 2077; x_wconf 87' lang='lat' dir='ltr'>habebatque</span> <span class='ocrx_word' id='word_1_274' title='bbox 817 2026 983 2065; x_wconf 90' lang='lat' dir='ltr'>liberum</span> <span class='ocrx_word' id='word_1_275' title='bbox 1002 2025 1161 2073; x_wconf 89' lang='lat' dir='ltr'>aditum,</span> <span class='ocrx_word' id='word_1_276' title='bbox 1191 2038 1281 2064; x_wconf 88' lang='lat' dir='ltr'>cum</span> <span class='ocrx_word' id='word_1_277' title='bbox 1301 2024 1462 2064; x_wconf 88' lang='lat' dir='ltr'>volebat.</span> <span class='ocrx_word' id='word_1_278' title='bbox 1510 2024 1623 2063; x_wconf 90' lang='lat' dir='ltr'>Cum-</span> 
     </span>
     <span class='ocr_line' id='line_1_32' title="bbox 216 2083 1623 2137; baseline -0.003 -11"><span class='ocrx_word' id='word_1_279' title='bbox 216 2099 291 2137; x_wconf 88' lang='lat' dir='ltr'>que</span> <span class='ocrx_word' id='word_1_280' title='bbox 316 2087 392 2126; x_wconf 92' lang='lat' dir='ltr'>hoc</span> <span class='ocrx_word' id='word_1_281' title='bbox 420 2086 472 2126; x_wconf 92' lang='lat' dir='ltr'>illi</span> <span class='ocrx_word' id='word_1_282' title='bbox 500 2099 576 2125; x_wconf 90' lang='lat' dir='ltr'>non</span> <span class='ocrx_word' id='word_1_283' title='bbox 608 2086 811 2134; x_wconf 88' lang='lat' dir='ltr'>sufficeret,</span> <span class='ocrx_word' id='word_1_284' title='bbox 841 2084 1007 2125; x_wconf 86' lang='lat' dir='ltr'>condicit</span> <span class='ocrx_word' id='word_1_285' title='bbox 1035 2090 1077 2124; x_wconf 93' lang='lat' dir='ltr'>ut</span> <span class='ocrx_word' id='word_1_286' title='bbox 1105 2084 1146 2124; x_wconf 93' lang='lat' dir='ltr'>in</span> <span class='ocrx_word' id='word_1_287' title='bbox 1175 2084 1335 2136; x_wconf 86' lang='lat' dir='ltr'>nupcias</span> <span class='ocrx_word' id='word_1_288' title='bbox 1363 2088 1400 2123; x_wconf 88' lang='lat' dir='ltr'>et</span> <span class='ocrx_word' id='word_1_289' title='bbox 1427 2083 1466 2123; x_wconf 89' lang='lat' dir='ltr'>in</span> <span class='ocrx_word' id='word_1_290' title='bbox 1496 2083 1623 2122; x_wconf 89' lang='lat' dir='ltr'>matri-</span> 
     </span>
     <span class='ocr_line' id='line_1_33' title="bbox 214 2142 1625 2194; baseline -0.003 -9"><span class='ocrx_word' id='word_1_291' title='bbox 214 2145 387 2186; x_wconf 89' lang='lat' dir='ltr'>monium</span> <span class='ocrx_word' id='word_1_292' title='bbox 422 2145 686 2194; x_wconf 87' lang='lat' dir='ltr'>convenirent,</span> <span class='ocrx_word' id='word_1_293' title='bbox 723 2150 760 2185; x_wconf 90' lang='lat' dir='ltr'>et</span> <span class='ocrx_word' id='word_1_294' title='bbox 797 2144 1019 2184; x_wconf 84' lang='lat' dir='ltr'>articulatur</span> <span class='ocrx_word' id='word_1_295' title='bbox 1056 2144 1095 2183; x_wconf 88' lang='lat' dir='ltr'>in</span> <span class='ocrx_word' id='word_1_296' title='bbox 1131 2144 1227 2183; x_wconf 83' lang='lat' dir='ltr'>haec</span> <span class='ocrx_word' id='word_1_297' title='bbox 1261 2143 1398 2183; x_wconf 85' lang='lat' dir='ltr'>verba:</span> <span class='ocrx_word' id='word_1_298' title='bbox 1436 2142 1625 2181; x_wconf 90' lang='lat' dir='ltr'>Dominus</span> 
     </span>
     <span class='ocr_line' id='line_1_34' title="bbox 214 2202 1624 2255; baseline -0.003 -10"><span class='ocrx_word' id='word_1_299' title='bbox 214 2218 324 2245; x_wconf 89' lang='lat' dir='ltr'>meus</span> <span class='ocrx_word' id='word_1_300' title='bbox 352 2205 478 2245; x_wconf 85' lang='lat' dir='ltr'>socius</span> <span class='ocrx_word' id='word_1_301' title='bbox 512 2210 600 2245; x_wconf 91' lang='lat' dir='ltr'>tuus</span> <span class='ocrx_word' id='word_1_302' title='bbox 628 2210 698 2245; x_wconf 88' lang='lat' dir='ltr'>est.</span> <span class='ocrx_word' id='word_1_303' title='bbox 753 2204 823 2244; x_wconf 88' lang='lat' dir='ltr'>Dic</span> <span class='ocrx_word' id='word_1_304' title='bbox 850 2204 885 2243; x_wconf 83' lang='lat' dir='ltr'>ei</span> <span class='ocrx_word' id='word_1_305' title='bbox 923 2203 1013 2255; x_wconf 86' lang='lat' dir='ltr'>quia</span> <span class='ocrx_word' id='word_1_306' title='bbox 1040 2205 1087 2243; x_wconf 87' lang='lat' dir='ltr'>de</span> <span class='ocrx_word' id='word_1_307' title='bbox 1122 2203 1245 2255; x_wconf 85' lang='lat' dir='ltr'>patria</span> <span class='ocrx_word' id='word_1_308' title='bbox 1271 2208 1338 2242; x_wconf 91' lang='lat' dir='ltr'>tua</span> <span class='ocrx_word' id='word_1_309' title='bbox 1366 2202 1469 2242; x_wconf 87' lang='lat' dir='ltr'>venit</span> <span class='ocrx_word' id='word_1_310' title='bbox 1509 2215 1624 2253; x_wconf 87' lang='lat' dir='ltr'>quam</span> 
     </span>
     <span class='ocr_line' id='line_1_35' title="bbox 215 2262 1624 2316; baseline -0.001 -13"><span class='ocrx_word' id='word_1_311' title='bbox 215 2264 254 2304; x_wconf 92' lang='lat' dir='ltr'>in</span> <span class='ocrx_word' id='word_1_312' title='bbox 284 2277 443 2304; x_wconf 85' lang='lat' dir='ltr'>uxorem</span> <span class='ocrx_word' id='word_1_313' title='bbox 463 2265 554 2304; x_wconf 90' lang='lat' dir='ltr'>velis</span> <span class='ocrx_word' id='word_1_314' title='bbox 582 2264 764 2316; x_wconf 90' lang='lat' dir='ltr'>accipere,</span> <span class='ocrx_word' id='word_1_315' title='bbox 794 2268 831 2303; x_wconf 87' lang='lat' dir='ltr'>et</span> <span class='ocrx_word' id='word_1_316' title='bbox 850 2277 934 2303; x_wconf 89' lang='lat' dir='ltr'>mos</span> <span class='ocrx_word' id='word_1_317' title='bbox 954 2268 1079 2303; x_wconf 88' lang='lat' dir='ltr'>vester</span> <span class='ocrx_word' id='word_1_318' title='bbox 1097 2268 1155 2302; x_wconf 87' lang='lat' dir='ltr'>est</span> <span class='ocrx_word' id='word_1_319' title='bbox 1183 2268 1220 2302; x_wconf 91' lang='lat' dir='ltr'>et</span> <span class='ocrx_word' id='word_1_320' title='bbox 1248 2262 1324 2302; x_wconf 89' lang='lat' dir='ltr'>lex</span> <span class='ocrx_word' id='word_1_321' title='bbox 1352 2275 1624 2310; x_wconf 86' lang='lat' dir='ltr'>sarracena,</span> 
     </span>
     <span class='ocr_line' id='line_1_36' title="bbox 216 2321 1624 2375; baseline -0.002 -12"><span class='ocrx_word' id='word_1_322' title='bbox 216 2328 258 2363; x_wconf 88' lang='lat' dir='ltr'>ut</span> <span class='ocrx_word' id='word_1_323' title='bbox 285 2324 452 2375; x_wconf 87' lang='lat' dir='ltr'>nonquis</span> <span class='ocrx_word' id='word_1_324' title='bbox 491 2324 695 2375; x_wconf 88' lang='lat' dir='ltr'>coniugem</span> <span class='ocrx_word' id='word_1_325' title='bbox 736 2322 809 2363; x_wconf 90' lang='lat' dir='ltr'>nisi</span> <span class='ocrx_word' id='word_1_326' title='bbox 850 2335 898 2363; x_wconf 84' lang='lat' dir='ltr'>ex</span> <span class='ocrx_word' id='word_1_327' title='bbox 927 2324 1030 2363; x_wconf 90' lang='lat' dir='ltr'>dono</span> <span class='ocrx_word' id='word_1_328' title='bbox 1058 2322 1128 2362; x_wconf 81' lang='lat' dir='ltr'>viri</span> <span class='ocrx_word' id='word_1_329' title='bbox 1166 2321 1333 2373; x_wconf 80' lang='lat' dir='ltr'>legitime</span> <span class='ocrx_word' id='word_1_330' title='bbox 1361 2321 1540 2374; x_wconf 80' lang='lat' dir='ltr'>accipiat3</span> <span class='ocrx_word' id='word_1_331' title='bbox 1570 2322 1624 2360; x_wconf 78' lang='lat' dir='ltr'>vis</span> 
     </span>
     <span class='ocr_line' id='line_1_37' title="bbox 216 2380 1624 2434; baseline -0.003 -11"><span class='ocrx_word' id='word_1_332' title='bbox 216 2395 302 2423; x_wconf 81' lang='lat' dir='ltr'>eam</span> <span class='ocrx_word' id='word_1_333' title='bbox 339 2383 386 2423; x_wconf 89' lang='lat' dir='ltr'>de</span> <span class='ocrx_word' id='word_1_334' title='bbox 423 2384 525 2423; x_wconf 91' lang='lat' dir='ltr'>dono</span> <span class='ocrx_word' id='word_1_335' title='bbox 564 2383 665 2422; x_wconf 89' lang='lat' dir='ltr'>illius</span> <span class='ocrx_word' id='word_1_336' title='bbox 708 2382 891 2434; x_wconf 89' lang='lat' dir='ltr'>accipere,</span> <span class='ocrx_word' id='word_1_337' title='bbox 929 2395 1017 2422; x_wconf 90' lang='lat' dir='ltr'>eum</span> <span class='ocrx_word' id='word_1_338' title='bbox 1052 2381 1170 2422; x_wconf 88' lang='lat' dir='ltr'>alium</span> <span class='ocrx_word' id='word_1_339' title='bbox 1208 2381 1247 2421; x_wconf 90' lang='lat' dir='ltr'>in</span> <span class='ocrx_word' id='word_1_340' title='bbox 1281 2382 1355 2421; x_wconf 88' lang='lat' dir='ltr'>hac</span> <span class='ocrx_word' id='word_1_341' title='bbox 1396 2380 1518 2433; x_wconf 85' lang='lat' dir='ltr'>patria</span> <span class='ocrx_word' id='word_1_342' title='bbox 1546 2394 1624 2419; x_wconf 88' lang='lat' dir='ltr'>non</span> 
     </span>
     <span class='ocr_line' id='line_1_38' title="bbox 216 2441 1626 2493; baseline -0.001 -11"><span class='ocrx_word' id='word_1_343' title='bbox 216 2442 360 2482; x_wconf 84' lang='lat' dir='ltr'>habeas</span> <span class='ocrx_word' id='word_1_344' title='bbox 396 2442 574 2482; x_wconf 85' lang='lat' dir='ltr'>amicum.</span> <span class='ocrx_word' id='word_1_345' title='bbox 640 2442 714 2491; x_wconf 86' lang='lat' dir='ltr'>Qui</span> <span class='ocrx_word' id='word_1_346' title='bbox 750 2455 839 2482; x_wconf 91' lang='lat' dir='ltr'>cum</span> <span class='ocrx_word' id='word_1_347' title='bbox 874 2455 936 2482; x_wconf 90' lang='lat' dir='ltr'>me</span> <span class='ocrx_word' id='word_1_348' title='bbox 963 2441 1109 2490; x_wconf 83' lang='lat' dir='ltr'>viderit,</span> <span class='ocrx_word' id='word_1_349' title='bbox 1148 2441 1297 2493; x_wconf 88' lang='lat' dir='ltr'>putabit</span> <span class='ocrx_word' id='word_1_350' title='bbox 1330 2454 1414 2481; x_wconf 89' lang='lat' dir='ltr'>esse</span> <span class='ocrx_word' id='word_1_351' title='bbox 1447 2454 1560 2480; x_wconf 84' lang='lat' dir='ltr'>suam</span> <span class='ocrx_word' id='word_1_352' title='bbox 1588 2445 1626 2480; x_wconf 87' lang='lat' dir='ltr'>et</span> 
     </span>
     <span class='ocr_line' id='line_1_39' title="bbox 216 2499 1625 2551; baseline -0.002 -9"><span class='ocrx_word' id='word_1_353' title='bbox 216 2502 415 2543; x_wconf 88' lang='lat' dir='ltr'>dubitabit.</span> <span class='ocrx_word' id='word_1_354' title='bbox 470 2501 616 2551; x_wconf 88' lang='lat' dir='ltr'>Quodsi</span> <span class='ocrx_word' id='word_1_355' title='bbox 658 2506 872 2542; x_wconf 87' lang='lat' dir='ltr'>reuertatur</span> <span class='ocrx_word' id='word_1_356' title='bbox 908 2502 1080 2550; x_wconf 89' lang='lat' dir='ltr'>domum,</span> <span class='ocrx_word' id='word_1_357' title='bbox 1109 2499 1164 2541; x_wconf 89' lang='lat' dir='ltr'>&#39;ut</span> <span class='ocrx_word' id='word_1_358' title='bbox 1200 2501 1325 2541; x_wconf 82' lang='lat' dir='ltr'>videat</span> <span class='ocrx_word' id='word_1_359' title='bbox 1361 2514 1411 2540; x_wconf 91' lang='lat' dir='ltr'>an</span> <span class='ocrx_word' id='word_1_360' title='bbox 1439 2513 1510 2551; x_wconf 87' lang='lat' dir='ltr'>ego</span> <span class='ocrx_word' id='word_1_361' title='bbox 1538 2499 1625 2548; x_wconf 88' lang='lat' dir='ltr'>sim,</span> 
     </span>
     <span class='ocr_line' id='line_1_40' title="bbox 217 2560 1626 2613; baseline -0.001 -12"><span class='ocrx_word' id='word_1_362' title='bbox 217 2574 288 2613; x_wconf 84' lang='lat' dir='ltr'>ego</span> <span class='ocrx_word' id='word_1_363' title='bbox 316 2561 557 2613; x_wconf 86' lang='lat' dir='ltr'>praeveniam</span> <span class='ocrx_word' id='word_1_364' title='bbox 585 2574 674 2601; x_wconf 88' lang='lat' dir='ltr'>eum</span> <span class='ocrx_word' id='word_1_365' title='bbox 702 2561 743 2601; x_wconf 92' lang='lat' dir='ltr'>in</span> <span class='ocrx_word' id='word_1_366' title='bbox 772 2561 954 2601; x_wconf 89' lang='lat' dir='ltr'>thalamo.</span> <span class='ocrx_word' id='word_1_367' title='bbox 998 2561 1071 2601; x_wconf 92' lang='lat' dir='ltr'>Ubi</span> <span class='ocrx_word' id='word_1_368' title='bbox 1089 2573 1178 2601; x_wconf 88' lang='lat' dir='ltr'>cum</span> <span class='ocrx_word' id='word_1_369' title='bbox 1206 2560 1396 2600; x_wconf 89' lang='lat' dir='ltr'>invenerit</span> <span class='ocrx_word' id='word_1_370' title='bbox 1423 2573 1498 2609; x_wconf 89' lang='lat' dir='ltr'>me,</span> <span class='ocrx_word' id='word_1_371' title='bbox 1526 2561 1626 2600; x_wconf 89' lang='lat' dir='ltr'>arbi-</span> 
     </span>
     <span class='ocr_line' id='line_1_41' title="bbox 216 2620 1625 2672; baseline -0.001 -12"><span class='ocrx_word' id='word_1_372' title='bbox 216 2621 378 2661; x_wconf 87' lang='lat' dir='ltr'>trabitur</span> <span class='ocrx_word' id='word_1_373' title='bbox 405 2634 447 2661; x_wconf 90' lang='lat' dir='ltr'>se</span> <span class='ocrx_word' id='word_1_374' title='bbox 474 2634 558 2660; x_wconf 87' lang='lat' dir='ltr'>esse</span> <span class='ocrx_word' id='word_1_375' title='bbox 586 2622 787 2672; x_wconf 89' lang='lat' dir='ltr'>deceptum</span> <span class='ocrx_word' id='word_1_376' title='bbox 816 2626 853 2660; x_wconf 88' lang='lat' dir='ltr'>et</span> <span class='ocrx_word' id='word_1_377' title='bbox 887 2626 1099 2661; x_wconf 85' lang='lat' dir='ltr'>reuertetur</span> <span class='ocrx_word' id='word_1_378' title='bbox 1127 2621 1175 2660; x_wconf 87' lang='lat' dir='ltr'>ad</span> <span class='ocrx_word' id='word_1_379' title='bbox 1213 2626 1261 2661; x_wconf 88' lang='lat' dir='ltr'>te.</span> <span class='ocrx_word' id='word_1_380' title='bbox 1318 2620 1364 2660; x_wconf 78' lang='lat' dir='ltr'>Et</span> <span class='ocrx_word' id='word_1_381' title='bbox 1392 2633 1463 2672; x_wconf 86' lang='lat' dir='ltr'>ego</span> <span class='ocrx_word' id='word_1_382' title='bbox 1492 2633 1625 2659; x_wconf 88' lang='lat' dir='ltr'>rursus</span> 
     </span>
     <span class='ocr_line' id='line_1_42' title="bbox 216 2679 1627 2731; baseline 0 -11"><span class='ocrx_word' id='word_1_383' title='bbox 216 2680 459 2731; x_wconf 81' lang='lat' dir='ltr'>praeveniam</span> <span class='ocrx_word' id='word_1_384' title='bbox 487 2680 593 2720; x_wconf 89' lang='lat' dir='ltr'>illum</span> <span class='ocrx_word' id='word_1_385' title='bbox 621 2681 818 2731; x_wconf 87' lang='lat' dir='ltr'>daborque</span> <span class='ocrx_word' id='word_1_386' title='bbox 845 2680 912 2720; x_wconf 90' lang='lat' dir='ltr'>tibi</span> <span class='ocrx_word' id='word_1_387' title='bbox 940 2680 989 2720; x_wconf 90' lang='lat' dir='ltr'>ab</span> <span class='ocrx_word' id='word_1_388' title='bbox 1017 2693 1062 2720; x_wconf 94' lang='lat' dir='ltr'>eo</span> <span class='ocrx_word' id='word_1_389' title='bbox 1091 2681 1309 2721; x_wconf 88' lang='lat' dir='ltr'>videntibus</span> <span class='ocrx_word' id='word_1_390' title='bbox 1338 2680 1409 2721; x_wconf 89' lang='lat' dir='ltr'>illis</span> <span class='ocrx_word' id='word_1_391' title='bbox 1437 2679 1501 2731; x_wconf 90' lang='lat' dir='ltr'>qui</span> <span class='ocrx_word' id='word_1_392' title='bbox 1530 2686 1627 2720; x_wconf 83' lang='lat' dir='ltr'>asta-</span> 
     </span>
     <span class='ocr_line' id='line_1_43' title="bbox 219 2739 776 2781; baseline 0.002 -2"><span class='ocrx_word' id='word_1_393' title='bbox 219 2739 328 2780; x_wconf 89' lang='lat' dir='ltr'>bunt.</span> <span class='ocrx_word' id='word_1_394' title='bbox 383 2739 429 2780; x_wconf 88' lang='lat' dir='ltr'>Et</span> <span class='ocrx_word' id='word_1_395' title='bbox 458 2741 598 2780; x_wconf 85' lang='lat' dir='ltr'>factum</span> <span class='ocrx_word' id='word_1_396' title='bbox 629 2746 686 2780; x_wconf 87' lang='lat' dir='ltr'>est</span> <span class='ocrx_word' id='word_1_397' title='bbox 714 2739 776 2781; x_wconf 86' lang='lat' dir='ltr'>ita.</span> 
     </span>
    </p>
   </div>
  </div>
 </body>
</html>
