1742 3080
803 188 1062 227 -30-

230 315 295 364 fui,
325 315 391 355 sed
420 313 490 354 feci
518 313 616 353 uelle
642 311 857 352 Sindibaris
884 309 1117 362 preceptoris
1143 309 1233 358 mei,
1262 308 1326 360 qui
1346 307 1513 360 precepit
1530 307 1640 357 mihi,

230 380 272 415 ut
308 386 431 425 usque
466 374 514 413 ad
552 376 698 423 septem
733 371 814 411 dies
849 383 929 410 non
962 371 1151 420 loquerer,
1186 369 1276 420 quia
1310 368 1392 420 ipse
1425 373 1463 407 et
1490 380 1559 419 ego
1587 366 1640 407 ita

230 434 394 474 vidimus
421 434 463 473 in
491 432 620 472 stellis.
677 431 724 470 Et
750 431 826 470 hoc
852 430 955 469 idem
983 429 1163 468 dixerunt
1190 427 1383 480 sapientes
1410 427 1500 478 quia
1517 439 1641 477 usque

230 494 279 533 ad
319 492 454 532 mortis
495 491 705 531 terminum
739 489 964 541 atingerem,
1007 501 1096 528 cum
1132 488 1172 527 in
1207 488 1284 540 hijs
1321 492 1469 539 septem
1505 486 1642 525 diebus

187 555 211 593 5
230 553 374 592 iussisti
399 564 463 591 me
490 550 691 603 capitalem
719 549 848 589 subire
876 547 1126 588 sentenciam.
1181 547 1294 587 Nunc
1315 552 1457 595 autem,
1486 544 1641 585 domine

231 612 327 660 Rex,
364 610 508 651 femina
544 610 682 661 digna
715 614 786 648 est
812 605 1007 655 morte‚¹
1041 620 1131 646 cum
1157 620 1234 658 qua
1261 607 1454 658 sapientes
1483 618 1562 644 non
1590 604 1642 644 ob

232 671 333 711 aliud
367 671 597 711 studuerunt
630 681 802 721 pugnare
831 667 905 707 nisi
944 672 987 706 ut
1014 680 1078 707 me
1104 666 1312 706 liberarent
1339 680 1364 706 a
1389 670 1526 705 morte.
1581 663 1641 702 In-

231 736 347 779 terea,
389 736 496 782 pater
536 729 609 778 mi,
652 728 720 768 tibi
762 733 799 767 et
832 726 1015 766 omnibus
1056 725 1293 778 principibus
1332 725 1450 775 glisco
1487 723 1643 764 refferre

231 790 412 830 fabulam.
468 789 564 837 Quis
597 787 701 828 enim
730 787 827 826 valet
855 785 1033 825 resistere
1065 785 1228 838 ingenijs
1254 785 1485 824 mulierum?
1540 782 1644 822 Dixit

166 851 214 889 10
232 849 316 889 Rex
343 854 380 888 et
407 848 615 900 principes:
663 846 732 886 Dic
760 846 861 897 quod
890 844 958 885 vis.
1013 844 1065 884 At
1091 844 1154 884 ille
1181 844 1292 885 dixit:

498 1035 568 1074 20.
604 1028 718 1086 [Filii
748 1032 869 1082 regis
897 1031 1107 1072 historia:
1140 1026 1358 1085 Inclusa.]

294 1113 420 1154 vidam
447 1113 581 1152 miles
610 1110 825 1152 Galicus2
853 1124 895 1151 se
923 1124 1008 1151 esse
1036 1124 1124 1151 cum
1153 1112 1318 1162 quadam
1338 1111 1497 1151 domina
1515 1111 1645 1163 sepius

320 1173 575 1224 sompniabat.
630 1171 840 1222 Nunquam
878 1176 1008 1210 tamen
1041 1170 1187 1210 viderat
1214 1184 1300 1210 eam
1329 1184 1400 1210 nec
1427 1172 1493 1210 ubi
1520 1184 1646 1211 mora-

90 1235 217 1276 11134ν
235 1238 341 1273 retur
377 1232 530 1272 sciebat.
586 1231 632 1270 Et
669 1231 752 1282 ipsa
784 1232 831 1270 de
858 1230 976 1270 milite
1004 1230 1143 1270 similia
1169 1230 1347 1282 sompnia
1372 1231 1552 1279 habebat,
1577 1234 1583 1277 Ι
1608 1236 1646 1270 et

233 1305 331 1332 vnus
359 1292 523 1332 formam
551 1290 707 1331 alterius
735 1289 1012 1341 ymaginariam
1039 1289 1079 1329 in
1109 1294 1237 1329 mente
1264 1295 1502 1341 conceperat,
1540 1303 1584 1330 ac
1612 1290 1645 1330 si

165 1355 214 1393 15
233 1356 368 1391 mutuo
397 1365 439 1391 se
466 1350 661 1391 vidissent.
717 1349 826 1389 Miles
854 1362 948 1388 uero
976 1354 1110 1400 captus
1139 1362 1269 1388 amore
1297 1349 1453 1389 domine
1473 1350 1647 1389 circuiuit

232 1412 374 1451 multas
414 1416 543 1463 partes
585 1415 623 1450 et
661 1410 818 1450 tandem
853 1408 1028 1461 peruenit
1064 1410 1113 1448 ad
1151 1409 1343 1460 quoddam
1385 1404 1553 1449 castrum
1595 1409 1645 1448 in

233 1471 437 1523 Yspania
463 1470 569 1510 iuxta
596 1483 716 1518 mare,
744 1469 785 1509 in
814 1481 890 1519 quo
919 1474 1000 1508 erat
1027 1468 1144 1508 turris
1162 1469 1238 1508 alta
1258 1468 1423 1520 viginti
1443 1469 1646 1509 clauatis

235 1531 396 1571 firmata.
453 1530 497 1570 Et
536 1529 724 1581 aspiciens
757 1528 850 1568 vidit
885 1529 926 1568 in
960 1529 1076 1568 turris
1117 1528 1296 1568 sumitate
1333 1541 1400 1580 per
1437 1528 1646 1568 fenestram

235 1591 376 1630 feream
405 1589 603 1630 dominam
632 1602 745 1640 quam
776 1588 816 1627 in
845 1587 1019 1639 sompnis
1044 1601 1085 1627 se
1104 1587 1244 1627 vidisse
1263 1588 1478 1635 estimabat,
1508 1592 1545 1627 et
1563 1587 1647 1638 ipsa

165 1651 217 1690 20
235 1651 371 1690 eodem
406 1651 524 1689 modo
560 1649 721 1688 militem
754 1647 977 1699 recognouit
1014 1652 1058 1687 et
1093 1647 1140 1686 in
1178 1647 1362 1698 signum
1400 1647 1570 1686 amoris
1607 1647 1647 1686 ei

235 1710 486 1760 cyroticam
514 1708 721 1760 proiecit.
777 1707 863 1756 Quo
898 1707 995 1747 facto
1038 1707 1148 1747 miles
1191 1719 1358 1757 querens
1407 1706 1647 1746 occasionem

235 1769 310 1809 illie
346 1769 571 1809 remanendi
607 1769 654 1808 ad
691 1767 893 1807 dominum
928 1767 1042 1807 castri
1069 1767 1228 1807 accessit
1255 1772 1292 1806 et
1319 1780 1434 1806 suum
1462 1766 1648 1806 auxilium

236 1828 271 1869 ei
297 1828 502 1868 liberaliter
535 1828 681 1879 optulit.
738 1827 825 1875 Quo
853 1832 1047 1878 gratanter
1075 1831 1229 1878 accepto
1257 1827 1372 1866 ambo
1400 1826 1440 1865 in
1468 1826 1550 1866 eius
1578 1825 1646 1864 ini-

236 1887 380 1928 micum
407 1888 603 1927 irruerunt
630 1893 667 1927 et
694 1886 822 1938 ipsum
851 1886 1081 1926 occiderunt.
1138 1886 1298 1938 Propter
1326 1886 1428 1937 quod
1456 1885 1555 1924 inter
1580 1898 1647 1924 eos

167 1947 218 1986 25
238 1947 357 1988 nimia
398 1946 650 1987 familiaritate
689 1951 886 1986 contracta
925 1946 1115 1985 concessit
1155 1946 1386 1985 castellanus
1425 1944 1533 1984 militi
1574 1945 1647 1984 hoc

238 2006 381 2059 petenti
409 2012 452 2046 ut
479 2006 585 2046 iuxta
612 2006 749 2046 turrim
777 2006 850 2045 sibi
878 2006 1035 2045 domum
1066 2010 1305 2044 construeret
1328 2005 1376 2044 ad
1396 2005 1645 2044 manendum.

237 2067 324 2115 Quo
352 2069 451 2106 facto
478 2079 566 2105 cum
595 2067 763 2116 quodam
783 2065 965 2116 magistro
986 2065 1087 2104 muri
1106 2066 1231 2104 iurato
1248 2069 1291 2103 ut
1309 2064 1451 2103 factum
1471 2064 1649 2115 proderet

239 2126 440 2178 conposuit
460 2131 501 2165 ut
528 2126 736 2165 foramen
760 2130 992 2165 secretum
1012 2125 1057 2163 in
1076 2125 1190 2176 pede
1209 2123 1352 2163 turris
1372 2124 1510 2163 faceret
1529 2123 1648 2173 quod

239 2186 431 2236 sigilato
458 2185 614 2236 lapide
641 2186 957 2233 clauderetur,
986 2197 1053 2236 per
1081 2184 1184 2234 quod
1211 2182 1283 2222 sibi
1307 2195 1484 2222 accessus
1503 2187 1649 2233 pateret

169 2244 222 2282 30
240 2246 288 2286 ad
316 2244 526 2292 dominam,
556 2250 592 2284 et
620 2258 641 2284 e
668 2257 857 2285 conuerso
877 2244 928 2284 illi
956 2245 1004 2283 ad
1032 2256 1132 2283 eum.
1175 2243 1222 2282 Et
1249 2256 1336 2283 ecce
1359 2243 1455 2282 'dum
1483 2243 1650 2292 quadam

241 2304 322 2344 vice
348 2304 462 2343 simul
490 2304 677 2355 corporali
705 2304 845 2344 solacio
867 2304 1129 2355 fungerentur,
1158 2302 1315 2342 domina
1333 2301 1442 2341 militi
1460 2301 1648 2340 annulum

241 2377 356 2403 suum
383 2363 497 2403 dedit.
553 2363 665 2412 Quod
693 2364 732 2403 in
762 2363 878 2414 digito
906 2362 1035 2402 militis
1062 2361 1222 2402 maritus
1252 2374 1345 2401 suus
1371 2360 1503 2400 videns
1522 2373 1648 2411 recog-

241 2422 350 2462 nouit
369 2427 406 2462 et
424 2435 471 2461 ex
492 2422 565 2462 hoc
592 2422 849 2473 suspicionem
868 2435 948 2461 non
968 2421 1158 2461 modicam
1178 2434 1268 2471 erga
1286 2420 1445 2460 militem
1465 2419 1649 2470 concepit.

336 2517 403 2553 ΖΕ
416 2528 490 2552 ῃοῐι
503 2517 639 2561 loquer.
653 2538 697 2543 —
711 2518 733 2553 3
746 2517 790 2552 Et
803 2517 871 2553 hoc
883 2516 979 2562 quod
993 2516 1064 2551 dix.
1078 2536 1122 2542 —
1137 2516 1159 2550 4
1172 2516 1318 2559 atinget.
1329 2536 1373 2541 -
1388 2515 1430 2549 19
1443 2514 1650 2550 extimabat.

340 2624 352 2646 ¹
377 2625 442 2661 das
467 2625 648 2669 Gegenteil
673 2624 710 2660 in
737 2625 813 2660 MS.
839 2645 884 2651 —
911 2622 925 2643 ²
950 2623 1001 2659 Zu
1036 2623 1105 2658 den
1130 2622 1422 2667 Abweichungen
1448 2621 1563 2657 dieser
1587 2621 1650 2656 Ge-

243 2679 401 2715 schichte
418 2680 499 2722 (nur
514 2680 579 2722 ms)
597 2689 669 2714 von
691 2678 755 2714 der
771 2677 1092 2714 okzidentalischen
1111 2676 1268 2712 Historia
1293 2676 1361 2720 vgl.
1379 2675 1482 2719 Einl„
1507 2686 1540 2720 p.
1559 2674 1650 2710 XIX.
