1742 3080
801 186 1034 225 ...6.-

205 310 317 351 Tunc
344 315 452 362 pater
476 322 521 350 ac
539 308 699 350 fratres¹
718 310 817 350 illius
835 313 1088 363 perrexerunt
1107 309 1156 348 ad
1175 321 1305 359 regem
1323 313 1362 349 et
1379 307 1625 348 inclinatis

205 369 492 421 capitibus'
531 370 733 410 dixerunt:
790 370 904 411 Viuat
940 370 1044 410 Rex!
1100 368 1181 408 Nos
1222 367 1399 408 dedimus
1442 369 1523 407 viro
1563 367 1626 407 isti

202 427 363 480 agrum⁸
391 429 456 480 qui
484 429 557 469 sub
589 433 722 469 nostra
749 429 872 470 fuerat
899 429 1056 475 ditione,
1085 427 1138 467 ita
1164 432 1208 467 ut
1235 428 1284 467 ab
1313 440 1359 467 eo
1380 428 1569 467 coleretur
1588 432 1626 466 et

201 501 290 528 eum
310 489 519 540 adaquaret
546 493 583 529 et
611 494 754 529 sereret
773 494 810 529 et
839 489 1084 530 fructificaret
1112 492 1150 527 et
1170 487 1309 527 faceret
1327 500 1510 527 messem.
1553 486 1627 526 Hic

150 549 175 587 5
203 552 333 588 autem
373 547 520 588 cunctis
558 547 694 588 diebus
731 548 871 599 quibus
908 548 950 589 in
988 548 1073 600 ipsa
1106 552 1206 587 terra
1232 545 1302 586 fuit
1330 559 1417 586 eam
1445 544 1562 586 coluit
1589 550 1628 585 et

203 607 411 658 adaquauit
437 612 475 647 et
504 608 741 647 fructuosam
771 607 945 649 reddidit.
1001 607 1079 647 Sed
1106 606 1182 646 iam
1203 619 1271 658 per
1290 606 1456 645 multum
1474 610 1628 657 tempus

204 679 292 706 eam
325 652 530 718 relinquifig
566 667 668 707 vnde
703 667 804 708 sicca
836 673 883 708 et
910 667 1123 707 multum
1151 678 1324 717 aspera
1351 665 1484 705 facta
1511 663 1626 704 est⁴.

204 725 288 766 Rex
320 730 450 767 autem
488 726 651 766 audiens
688 727 783 766 dixit
823 727 877 767 illi
911 723 1011 767 viro:
1069 726 1130 765 Tu
1167 725 1258 765 inde
1286 725 1377 776 quid
1405 724 1527 765 dicis?
1582 725 1629 764 Et

204 784 267 825 ille
303 785 374 826 ait:
430 785 606 834 Domine,
642 799 781 826 uerum
818 792 877 827 est
912 787 1014 838 quod
1052 785 1106 838 hij
1145 785 1242 824 mihi
1268 789 1412 824 terram
1440 785 1630 824 dederunt

138 843 188 883 10
205 849 243 884 et
279 857 350 896 ego
384 857 470 884 eam
511 844 611 884 colui
647 850 686 885 et
720 845 911 886 seminaui
944 850 983 885 vt
1018 844 1156 893 decuit,
1199 845 1268 884 sed
1302 844 1469 894 quadam
1498 843 1560 883 die
1587 843 1628 883 in

206 903 308 943 dicta
334 908 437 944 terra
463 904 666 956 vestigia
692 903 875 945 leonis⁶
902 903 1051 952 inveni3
1082 904 1182 943 vnde
1209 903 1414 955 perteritus
1441 903 1552 943 timui
1579 916 1630 943 ne

205 963 267 1003 leo
294 962 346 1002 ibi
364 976 428 1003 me
446 963 647 1004 inveniret.
695 965 785 1004 Ideo
808 964 935 1004 dimisi
955 977 1055 1004 eam.
1101 963 1185 1003 Rex
1204 967 1334 1003 autem
1354 975 1490 1002 eorum
1508 963 1630 1002 uerba

207 1021 383 1074 protinus
402 1022 589 1063 intellexit
607 1028 644 1063 et
663 1022 775 1063 dixit:
814 1023 968 1063 Scimus
987 1023 1028 1062 in
1048 1023 1113 1063 illa
1130 1027 1235 1062 terra
1252 1022 1404 1062 leonem
1424 1022 1562 1070 visum,
1583 1021 1629 1062 in

207 1094 297 1132 qua
315 1081 353 1121 si
373 1082 579 1122 fractam
598 1083 816 1134 aperuit,
837 1095 991 1134 sepem
1011 1085 1170 1122 tamen
1185 1080 1630 1121 nontransiuit⁶nee

140 1140 188 1179 15
208 1140 374 1181 fructum
411 1141 589 1190 comedit,
628 1146 675 1181 et
711 1142 851 1181 viuat
887 1140 994 1182 leo⁷
1030 1141 1094 1193 qui
1132 1140 1210 1181 iam
1247 1141 1296 1180 ad
1336 1154 1422 1180 eam
1451 1154 1629 1192 gressum

208 1213 323 1240 suum
353 1213 431 1240 non
459 1206 666 1252 retorquet.
722 1201 862 1241 Tunc
890 1201 1135 1253 cognouit
1162 1201 1309 1240 homo
1338 1213 1504 1252 regem
1533 1214 1629 1240 non

65 1258 195 1299 f.121v
212 1259 455 1300 habuisse
482 1273 672 1300 vxorem
700 1259 867 1300 suam.⁸
897 1282 943 1288 —
975 1260 1051 1309 Sic,
1082 1259 1238 1300 domine
1261 1263 1267 1307 1
1291 1259 1346 1299 mi
1374 1259 1470 1308 Rex,
1508 1260 1631 1300 multa

210 1324 392 1371 putantur
419 1332 513 1360 uera
540 1333 615 1371 que
642 1333 722 1360 non
752 1326 855 1360 sunt.
902 1320 1015 1360 Vnde
1042 1319 1121 1359 noli
1141 1319 1356 1359 interficere
1375 1319 1497 1359 filium
1517 1325 1627 1359 tuum

75 1428 78 1432 .
209 1391 279 1430 pro
315 1379 441 1419 verbis
475 1379 603 1422 vxoris
642 1385 717 1429 tue,
756 1393 806 1420 ne
833 1394 857 1420 a
895 1379 1026 1420 uerbis
1053 1379 1155 1419 illius
1193 1378 1407 1431 decipiaris,
1442 1379 1628 1430 quoniam

137 1436 190 1477 20
209 1438 386 1490 decepcio
413 1438 584 1480 mulieris
609 1440 776 1491 plurima
803 1445 872 1480 est.
929 1439 977 1479 Et
1003 1452 1054 1479 ne
1082 1439 1236 1479 eueniat
1262 1439 1331 1479 tibi
1356 1439 1512 1479 fortuito
1532 1439 1631 1479 sicut

208 1498 360 1538 cuidam
401 1499 552 1539 homini
593 1500 640 1539 de
677 1512 795 1539 vxore
828 1512 910 1539 sua.
973 1498 1038 1539 Ait
1075 1512 1163 1539 rex:
1210 1498 1280 1538 Dic
1315 1499 1509 1550 quomodo
1547 1499 1629 1539 fuit.

209 1556 312 1598 Dixit
339 1558 514 1610 sapiens:

387 1697 537 1756 [Primi
566 1704 785 1755 sapientis
817 1704 1010 1744 secunda
1038 1703 1254 1745 historia:
1286 1699 1431 1757 Avis.]

209 1775 398 1874 Quidam
427 1782 548 1822 homo
575 1781 706 1823 diues⁹
734 1784 914 1823 decoram
944 1783 1061 1823 nimis
1101 1783 1271 1824 habebat
1295 1796 1455 1824 vxorem
1483 1788 1521 1823 et
1548 1789 1631 1823 erat

296 1842 425 1893 celans
453 1855 568 1894 super
596 1855 695 1882 eam.
752 1843 930 1892 Quadam
958 1856 1053 1883 uero
1081 1842 1144 1884 die
1172 1842 1338 1894 quesiuit
1365 1843 1421 1883 ire
1448 1843 1488 1882 in
1517 1843 1632 1883 aliam

138 1905 189 1945 25
209 1900 402 1941 ciuitatem
440 1907 477 1941 et
514 1915 582 1953 pre
619 1901 739 1941 nimio
776 1903 858 1952 celo
892 1915 1011 1954 quem
1038 1902 1209 1943 habebat
1235 1902 1277 1942 in
1305 1902 1510 1954 coniugem
1540 1902 1632 1942 emit

208 1973 326 2000 vnam
345 1974 458 2001 auem
478 1974 552 2012 que
571 1961 684 2013 vulgo
704 1967 861 2002 vocatur
888 1960 1047 2014 pica¹⁰
1075 1966 1114 2002 et
1141 1961 1269 2013 posuit
1290 1974 1377 2002 eam
1405 1961 1446 2001 in
1473 1961 1630 2001 cubiliu

304 2044 340 2079 Z.
369 2044 413 2079 14
437 2044 589 2090 aparuit.
618 2064 655 2071 —
686 2045 732 2080 25
757 2056 868 2090 quam
893 2045 1062 2081 habebat.

308 2121 321 2142 ²
338 2122 550 2158 Verwandte
574 2124 652 2165 LE,
678 2122 816 2158 Brnder
833 2122 912 2168 SN,
937 2122 1002 2158 der
1028 2122 1134 2158 Vater
1158 2121 1267 2158 allein
1299 2122 1363 2165 Sn,
1396 2122 1451 2163 Se,
1478 2122 1552 2157 SV.
1586 2141 1632 2146 -—

212 2174 227 2195 ²
250 2185 322 2211 nur
344 2187 409 2212 me.
434 2195 477 2200 —
506 2175 520 2195 ³
543 2176 679 2212 Garten
704 2176 780 2213 SV.
815 2196 861 2203 -
896 2174 912 2196 ⁴
936 2175 1013 2211 und
1045 2175 1145 2211 seine
1169 2174 1340 2211 Trauben
1374 2174 1525 2210 wurden
1549 2186 1631 2210 aus·

210 2229 355 2274 gedorrt
378 2228 462 2276 ss„
498 2230 572 2265 und
609 2230 709 2266 seine
739 2229 893 2265 Frsschte
928 2229 1011 2265 sind
1047 2228 1276 2265 vertrocknet
1312 2226 1386 2274 Cn,
1420 2228 1495 2263 und
1532 2228 1632 2263 seine

209 2282 340 2318 Ruben
370 2283 515 2319 werden
547 2283 742 2319 verdon-en
779 2282 835 2320 cl.
870 2302 916 2308 —
950 2282 965 2303 ⁶
996 2282 1102 2318 einen
1139 2282 1272 2318 Lowen
1301 2280 1370 2326 ss.
1398 2280 1468 2318 cr.
1496 2280 1555 2318 cl.
1586 2301 1632 2307 —

212 2335 227 2356 ⁰
251 2347 305 2371 me
321 2335 585 2381 eigentssmlich,
610 2340 712 2372 sonet
729 2337 774 2372 ist
787 2346 857 2372 nur
874 2347 961 2372 vom
977 2336 1201 2380 Eindringen
1218 2335 1276 2371 die
1290 2335 1399 2371 Rede.
1418 2354 1459 2361 —
1478 2334 1491 2355 ⁷
1504 2335 1632 2371 Zusatz

210 2400 275 2426 ms.
303 2407 344 2415 —
373 2388 388 2410 ⁸
412 2390 486 2435 SN,
521 2390 630 2435 SVB,
661 2391 688 2425 S
696 2390 763 2425 VS.
812 2389 879 2425 Die
903 2389 998 2425 Fran
1022 2389 1115 2425 klart
1139 2389 1243 2424 ihren
1268 2387 1379 2424 Manu
1404 2388 1469 2424 auf
1490 2388 1566 2423 und
1591 2399 1630 2424 er

210 2441 335 2488 glaubt
359 2442 461 2478 ihren
479 2442 655 2487 Angaben
672 2443 751 2488 LE,
769 2444 798 2478 S
804 2444 885 2479 VH.
928 2443 999 2478 Der
1016 2442 1123 2478 Manu
1142 2441 1317 2478 erkannte
1342 2441 1400 2477 die
1418 2441 1633 2485 Bedeutung

211 2495 331 2532 seiner
347 2495 470 2532 Worte
494 2497 569 2532 und
586 2497 672 2542 Βίης
696 2496 830 2532 wieder
853 2507 898 2533 zu
923 2496 1062 2532 seinem
1079 2495 1205 2531 Weibe
1222 2494 1291 2540 ss.
1309 2493 1375 2532 Gr.
1395 2493 1458 2532 Gl.
1507 2495 1632 2530 Diaeer

210 2548 345 2585 Schlufi
370 2548 459 2585 fehlt
483 2551 545 2593 Sn,
570 2550 626 2586 Se.
661 2570 706 2577 —
743 2549 758 2570 ⁹
781 2550 910 2586 Scene:
937 2544 1101 2595 Agypten
1125 2549 1199 2585 SN.
1238 2567 1284 2575 -
1324 2546 1354 2569 ²⁰
1377 2548 1458 2594 pica
1482 2559 1553 2584 nur
1576 2560 1632 2584 ms

211 2603 268 2644 (=
287 2603 553 2647 Dt‘rectorium),
580 2602 717 2639 obex-all
740 2602 799 2639 ein
817 2602 973 2649 Papagei
991 2602 1115 2647 (Vogel
1133 2604 1209 2646 Sn).
1228 2622 1272 2628 —
1295 2600 1324 2622 ¹²
1341 2602 1378 2638 in
1405 2601 1511 2638 einen
1529 2602 1632 2646 Kafig

212 2656 277 2698 Sn,
302 2656 360 2698 Se,
386 2656 464 2692 LE.
