<?xml version="1.0" encoding="UTF-8"?>
<!DOCTYPE html PUBLIC "-//W3C//DTD XHTML 1.0 Transitional//EN"
    "http://www.w3.org/TR/xhtml1/DTD/xhtml1-transitional.dtd">
<html xmlns="http://www.w3.org/1999/xhtml" xml:lang="en" lang="en">
 <head>
  <title>
</title>
<meta http-equiv="Content-Type" content="text/html;charset=utf-8" />
  <meta name='ocr-system' content='tesseract 3.04.00' />
  <meta name='ocr-capabilities' content='ocr_page ocr_carea ocr_par ocr_line ocrx_word'/>
</head>
<body>
  <div class='ocr_page' id='page_1' title='image "./historiaseptemsa01hilkuoft_0042.png"; bbox 0 0 1742 3080; ppageno 0'>
   <div class='ocr_carea' id='block_1_1' title="bbox 770 183 1029 222">
    <p class='ocr_par' dir='ltr' id='par_1_1' title="bbox 770 183 1029 222">
     <span class='ocr_line' id='line_1_1' title="bbox 770 183 1029 222; baseline 0 -11"><span class='ocrx_word' id='word_1_1' title='bbox 770 183 1029 222; x_wconf 55' lang='lat'><strong>„14-</strong></span> 
     </span>
    </p>
   </div>
   <div class='ocr_carea' id='block_1_2' title="bbox 52 306 1613 893">
    <p class='ocr_par' dir='ltr' id='par_1_2' title="bbox 52 306 1613 824">
     <span class='ocr_line' id='line_1_2' title="bbox 194 306 1612 359; baseline 0 -12"><span class='ocrx_word' id='word_1_2' title='bbox 194 307 308 359; x_wconf 86' lang='lat' dir='ltr'><strong>quia</strong></span> <span class='ocrx_word' id='word_1_3' title='bbox 348 307 589 347; x_wconf 85' lang='lat' dir='ltr'><strong>credebat</strong></span> <span class='ocrx_word' id='word_1_4' title='bbox 628 319 679 347; x_wconf 91' lang='lat' dir='ltr'><strong>se</strong></span> <span class='ocrx_word' id='word_1_5' title='bbox 720 306 910 346; x_wconf 85' lang='lat' dir='ltr'><strong>factum</strong></span> <span class='ocrx_word' id='word_1_6' title='bbox 952 319 1066 347; x_wconf 89' lang='lat' dir='ltr'><strong>esse</strong></span> <span class='ocrx_word' id='word_1_7' title='bbox 1105 306 1330 358; x_wconf 84' lang='lat' dir='ltr'><strong>strigam.</strong></span> <span class='ocrx_word' id='word_1_8' title='bbox 1386 307 1612 347; x_wconf 89' lang='lat' dir='ltr'><strong>Interro-</strong></span> 
     </span>
     <span class='ocr_line' id='line_1_3' title="bbox 193 365 1612 418; baseline 0 -12"><span class='ocrx_word' id='word_1_9' title='bbox 193 372 423 418; x_wconf 77' lang='lat' dir='ltr'><strong>gauerunt</strong></span> <span class='ocrx_word' id='word_1_10' title='bbox 451 379 557 406; x_wconf 90' lang='lat' dir='ltr'><strong>eum</strong></span> <span class='ocrx_word' id='word_1_11' title='bbox 585 366 743 417; x_wconf 91' lang='lat' dir='ltr'><strong>puelle</strong></span> <span class='ocrx_word' id='word_1_12' title='bbox 771 370 814 405; x_wconf 91' lang='lat' dir='ltr'><strong>et</strong></span> <span class='ocrx_word' id='word_1_13' title='bbox 841 365 1088 406; x_wconf 88' lang='lat' dir='ltr'><strong>dixerunt:</strong></span> <span class='ocrx_word' id='word_1_14' title='bbox 1131 366 1245 414; x_wconf 90' lang='lat' dir='ltr'><strong>Quis</strong></span> <span class='ocrx_word' id='word_1_15' title='bbox 1273 379 1321 406; x_wconf 90' lang='lat' dir='ltr'><strong>es</strong></span> <span class='ocrx_word' id='word_1_16' title='bbox 1349 371 1396 405; x_wconf 90' lang='lat' dir='ltr'><strong>tu</strong></span> <span class='ocrx_word' id='word_1_17' title='bbox 1425 371 1468 406; x_wconf 91' lang='lat' dir='ltr'><strong>et</strong></span> <span class='ocrx_word' id='word_1_18' title='bbox 1495 367 1612 407; x_wconf 89' lang='lat' dir='ltr'><strong>vnde</strong></span> 
     </span>
     <span class='ocr_line' id='line_1_4' title="bbox 52 425 1612 477; baseline -0.001 -10"><span class='ocrx_word' id='word_1_19' title='bbox 52 428 180 467; x_wconf 74' lang='lat' dir='ltr'><strong>f.125v</strong></span> <span class='ocrx_word' id='word_1_20' title='bbox 194 426 352 466; x_wconf 74' lang='lat' dir='ltr'><strong>venis?</strong></span> <span class='ocrx_word' id='word_1_21' title='bbox 410 426 513 477; x_wconf 87' lang='lat' dir='ltr'><strong>Ipse</strong></span> <span class='ocrx_word' id='word_1_22' title='bbox 555 430 707 465; x_wconf 85' lang='lat' dir='ltr'><strong>autem</strong></span> <span class='ocrx_word' id='word_1_23' title='bbox 748 425 964 465; x_wconf 83' lang='lat' dir='ltr'><strong>narrauit</strong></span> <span class='ocrx_word' id='word_1_24' title='bbox 1002 425 1162 465; x_wconf 89' lang='lat' dir='ltr'><strong>omnia</strong></span> <span class='ocrx_word' id='word_1_25' title='bbox 1203 438 1290 476; x_wconf 89' lang='lat' dir='ltr'><strong>que</strong></span> <span class='ocrx_word' id='word_1_26' title='bbox 1313 427 1319 472; x_wconf 90' lang='grc' dir='ltr'>Ι</span> <span class='ocrx_word' id='word_1_27' title='bbox 1344 425 1612 466; x_wconf 83' lang='lat' dir='ltr'><strong>acciderant</strong></span> 
     </span>
     <span class='ocr_line' id='line_1_5' title="bbox 193 484 1612 536; baseline 0 -11"><span class='ocrx_word' id='word_1_28' title='bbox 193 485 296 525; x_wconf 87' lang='lat' dir='ltr'><strong>sibi.</strong></span> <span class='ocrx_word' id='word_1_29' title='bbox 352 484 423 525; x_wconf 91' lang='lat' dir='ltr'><strong>Cui</strong></span> <span class='ocrx_word' id='word_1_30' title='bbox 451 498 527 525; x_wconf 84' lang='lat' dir='ltr'><strong>vna</strong></span> <span class='ocrx_word' id='word_1_31' title='bbox 553 485 704 525; x_wconf 85' lang='lat' dir='ltr'><strong>illarum</strong></span> <span class='ocrx_word' id='word_1_32' title='bbox 725 484 842 524; x_wconf 84' lang='lat' dir='ltr'><strong>dixit:</strong></span> <span class='ocrx_word' id='word_1_33' title='bbox 885 485 979 524; x_wconf 82' lang='lat' dir='ltr'><strong>Jura</strong></span> <span class='ocrx_word' id='word_1_34' title='bbox 996 484 1092 524; x_wconf 89' lang='lat' dir='ltr'><strong>mihi</strong></span> <span class='ocrx_word' id='word_1_35' title='bbox 1112 485 1215 536; x_wconf 91' lang='lat' dir='ltr'><strong>quod</strong></span> <span class='ocrx_word' id='word_1_36' title='bbox 1234 486 1353 525; x_wconf 81' lang='lat' dir='ltr'><strong>ducas</strong></span> <span class='ocrx_word' id='word_1_37' title='bbox 1371 498 1435 525; x_wconf 93' lang='lat' dir='ltr'><strong>me</strong></span> <span class='ocrx_word' id='word_1_38' title='bbox 1454 498 1612 525; x_wconf 88' lang='lat' dir='ltr'><strong>vxorem</strong></span> 
     </span>
     <span class='ocr_line' id='line_1_6' title="bbox 147 543 1613 595; baseline 0 -11"><span class='ocrx_word' id='word_1_39' title='bbox 147 547 172 585; x_wconf 87' lang='lat'>5</span> <span class='ocrx_word' id='word_1_40' title='bbox 191 550 228 584; x_wconf 92' lang='lat' dir='ltr'><strong>et</strong></span> <span class='ocrx_word' id='word_1_41' title='bbox 255 544 426 584; x_wconf 84' lang='lat' dir='ltr'>liberabo</span> <span class='ocrx_word' id='word_1_42' title='bbox 454 549 491 584; x_wconf 88' lang='lat' dir='ltr'><strong>te</strong></span> <span class='ocrx_word' id='word_1_43' title='bbox 519 549 557 584; x_wconf 91' lang='lat' dir='ltr'><strong>et</strong></span> <span class='ocrx_word' id='word_1_44' title='bbox 584 544 779 584; x_wconf 85' lang='lat' dir='ltr'><strong>reuocabo</strong></span> <span class='ocrx_word' id='word_1_45' title='bbox 808 544 856 583; x_wconf 88' lang='lat' dir='ltr'><strong>ad</strong></span> <span class='ocrx_word' id='word_1_46' title='bbox 886 549 1036 595; x_wconf 80' lang='lat' dir='ltr'><strong>patrem</strong></span> <span class='ocrx_word' id='word_1_47' title='bbox 1062 549 1186 584; x_wconf 89' lang='lat' dir='ltr'><strong>tuum.</strong></span> <span class='ocrx_word' id='word_1_48' title='bbox 1242 545 1290 584; x_wconf 90' lang='lat' dir='ltr'><strong>Et</strong></span> <span class='ocrx_word' id='word_1_49' title='bbox 1316 543 1457 584; x_wconf 84' lang='lat' dir='ltr'><strong>iurauit</strong></span> <span class='ocrx_word' id='word_1_50' title='bbox 1476 544 1522 584; x_wconf 88' lang='lat' dir='ltr'><strong>ei.</strong></span> <span class='ocrx_word' id='word_1_51' title='bbox 1564 544 1613 584; x_wconf 88' lang='lat' dir='ltr'><strong>Et</strong></span> 
     </span>
     <span class='ocr_line' id='line_1_7' title="bbox 191 602 1611 654; baseline 0.001 -11"><span class='ocrx_word' id='word_1_52' title='bbox 191 603 274 644; x_wconf 85' lang='lat' dir='ltr'><strong>illa:</strong></span> <span class='ocrx_word' id='word_1_53' title='bbox 303 603 398 643; x_wconf 86' lang='lat' dir='ltr'><strong>Bibe</strong></span> <span class='ocrx_word' id='word_1_54' title='bbox 425 604 482 644; x_wconf 93' lang='lat' dir='ltr'><strong>de</strong></span> <span class='ocrx_word' id='word_1_55' title='bbox 509 617 636 654; x_wconf 84' lang='lat' dir='ltr'><strong>aqua</strong></span> <span class='ocrx_word' id='word_1_56' title='bbox 663 602 821 642; x_wconf 85' lang='lat' dir='ltr'><strong>fontis</strong></span> <span class='ocrx_word' id='word_1_57' title='bbox 850 602 1031 643; x_wconf 86' lang='lat' dir='ltr'><strong>illius.¹</strong></span> <span class='ocrx_word' id='word_1_58' title='bbox 1085 604 1187 644; x_wconf 87' lang='lat' dir='ltr'>Bibit</span> <span class='ocrx_word' id='word_1_59' title='bbox 1220 609 1258 644; x_wconf 92' lang='lat' dir='ltr'><strong>et</strong></span> <span class='ocrx_word' id='word_1_60' title='bbox 1285 609 1457 644; x_wconf 80' lang='lat' dir='ltr'><strong>mutatus</strong></span> <span class='ocrx_word' id='word_1_61' title='bbox 1485 609 1543 644; x_wconf 89' lang='lat' dir='ltr'><strong>est</strong></span> <span class='ocrx_word' id='word_1_62' title='bbox 1570 603 1611 644; x_wconf 89' lang='lat' dir='ltr'><strong>in</strong></span> 
     </span>
     <span class='ocr_line' id='line_1_8' title="bbox 191 662 1610 716; baseline 0.001 -13"><span class='ocrx_word' id='word_1_63' title='bbox 191 664 419 703; x_wconf 82' lang='lat' dir='ltr'><strong>masculum.</strong></span> <span class='ocrx_word' id='word_1_64' title='bbox 475 663 541 703; x_wconf 86' lang='lat' dir='ltr'><strong>Illa</strong></span> <span class='ocrx_word' id='word_1_65' title='bbox 568 668 698 703; x_wconf 85' lang='lat' dir='ltr'><strong>autem</strong></span> <span class='ocrx_word' id='word_1_66' title='bbox 725 662 872 714; x_wconf 86' lang='lat' dir='ltr'><strong>accepit</strong></span> <span class='ocrx_word' id='word_1_67' title='bbox 899 676 990 703; x_wconf 89' lang='lat' dir='ltr'><strong>eum</strong></span> <span class='ocrx_word' id='word_1_68' title='bbox 1018 668 1055 703; x_wconf 92' lang='lat' dir='ltr'><strong>et</strong></span> <span class='ocrx_word' id='word_1_69' title='bbox 1076 664 1227 703; x_wconf 89' lang='lat' dir='ltr'><strong>reduxit</strong></span> <span class='ocrx_word' id='word_1_70' title='bbox 1246 665 1295 704; x_wconf 82' lang='lat' dir='ltr'><strong>ad</strong></span> <span class='ocrx_word' id='word_1_71' title='bbox 1314 669 1463 716; x_wconf 89' lang='lat' dir='ltr'><strong>patrem</strong></span> <span class='ocrx_word' id='word_1_72' title='bbox 1482 676 1610 704; x_wconf 84' lang='lat' dir='ltr'><strong>suum.</strong></span> 
     </span>
     <span class='ocr_line' id='line_1_9' title="bbox 191 721 1612 775; baseline 0.001 -14"><span class='ocrx_word' id='word_1_73' title='bbox 191 722 277 774; x_wconf 90' lang='lat' dir='ltr'><strong>Ipse</strong></span> <span class='ocrx_word' id='word_1_74' title='bbox 304 735 397 762; x_wconf 88' lang='lat' dir='ltr'><strong>uero</strong></span> <span class='ocrx_word' id='word_1_75' title='bbox 425 723 553 762; x_wconf 91' lang='lat' dir='ltr'><strong>retulit</strong></span> <span class='ocrx_word' id='word_1_76' title='bbox 580 723 679 774; x_wconf 81' lang='lat' dir='ltr'><strong>patri</strong></span> <span class='ocrx_word' id='word_1_77' title='bbox 708 721 840 762; x_wconf 84' lang='lat' dir='ltr'><strong>omnia</strong></span> <span class='ocrx_word' id='word_1_78' title='bbox 867 722 959 763; x_wconf 81' lang='lat' dir='ltr'><strong>visa.</strong></span> <span class='ocrx_word' id='word_1_79' title='bbox 1016 723 1130 763; x_wconf 85' lang='lat' dir='ltr'><strong>Tunc</strong></span> <span class='ocrx_word' id='word_1_80' title='bbox 1156 723 1268 763; x_wconf 92' lang='lat' dir='ltr'><strong>iussit</strong></span> <span class='ocrx_word' id='word_1_81' title='bbox 1294 724 1379 763; x_wconf 86' lang='lat' dir='ltr'><strong>Rex</strong></span> <span class='ocrx_word' id='word_1_82' title='bbox 1407 723 1612 775; x_wconf 85' lang='lat' dir='ltr'><strong>dampnari</strong></span> 
     </span>
     <span class='ocr_line' id='line_1_10' title="bbox 192 781 1610 824; baseline 0 -2"><span class='ocrx_word' id='word_1_83' title='bbox 192 781 465 822; x_wconf 82' lang='lat' dir='ltr'><strong>consiliarium.</strong></span> <span class='ocrx_word' id='word_1_84' title='bbox 497 804 544 809; x_wconf 94' lang='lat'><strong>——</strong></span> <span class='ocrx_word' id='word_1_85' title='bbox 576 781 639 821; x_wconf 86' lang='lat' dir='ltr'><strong>Sic</strong></span> <span class='ocrx_word' id='word_1_86' title='bbox 676 782 771 821; x_wconf 90' lang='lat' dir='ltr'><strong>deus</strong></span> <span class='ocrx_word' id='word_1_87' title='bbox 805 782 917 822; x_wconf 87' lang='lat' dir='ltr'><strong>faciat</strong></span> <span class='ocrx_word' id='word_1_88' title='bbox 955 781 1164 822; x_wconf 85' lang='lat' dir='ltr'><strong>vindictam</strong></span> <span class='ocrx_word' id='word_1_89' title='bbox 1195 783 1235 823; x_wconf 90' lang='lat' dir='ltr'><strong>in</strong></span> <span class='ocrx_word' id='word_1_90' title='bbox 1262 788 1301 822; x_wconf 90' lang='lat' dir='ltr'><strong>te</strong></span> <span class='ocrx_word' id='word_1_91' title='bbox 1329 783 1428 823; x_wconf 86' lang='lat' dir='ltr'><strong>sieut</strong></span> <span class='ocrx_word' id='word_1_92' title='bbox 1455 783 1542 824; x_wconf 75' lang='lat' dir='ltr'><strong>fecit</strong></span> <span class='ocrx_word' id='word_1_93' title='bbox 1569 782 1610 822; x_wconf 88' lang='lat' dir='ltr'><strong>in</strong></span> 
     </span>
    </p>

    <p class='ocr_par' dir='ltr' id='par_1_3' title="bbox 125 840 1342 893">
     <span class='ocr_line' id='line_1_11' title="bbox 125 840 1342 893; baseline 0.002 -13"><span class='ocrx_word' id='word_1_94' title='bbox 125 842 175 881; x_wconf 87' lang='lat'><strong>10</strong></span> <span class='ocrx_word' id='word_1_95' title='bbox 192 840 270 880; x_wconf 80' lang='lat' dir='ltr'><strong>filio</strong></span> <span class='ocrx_word' id='word_1_96' title='bbox 298 840 410 892; x_wconf 84' lang='lat' dir='ltr'><strong>regis.</strong></span> <span class='ocrx_word' id='word_1_97' title='bbox 466 841 578 880; x_wconf 87' lang='lat' dir='ltr'><strong>Tunc</strong></span> <span class='ocrx_word' id='word_1_98' title='bbox 605 841 773 893; x_wconf 84' lang='lat' dir='ltr'><strong>precepit</strong></span> <span class='ocrx_word' id='word_1_99' title='bbox 800 841 884 881; x_wconf 83' lang='lat' dir='ltr'><strong>Rex</strong></span> <span class='ocrx_word' id='word_1_100' title='bbox 917 841 1038 881; x_wconf 82' lang='lat' dir='ltr'><strong>occidi</strong></span> <span class='ocrx_word' id='word_1_101' title='bbox 1065 842 1186 882; x_wconf 89' lang='lat' dir='ltr'><strong>filium</strong></span> <span class='ocrx_word' id='word_1_102' title='bbox 1214 855 1342 883; x_wconf 90' lang='lat' dir='ltr'><strong>suum.</strong></span> 
     </span>
    </p>
   </div>
   <div class='ocr_carea' id='block_1_3' title="bbox 190 899 1611 1080">
    <p class='ocr_par' dir='ltr' id='par_1_4' title="bbox 190 899 1611 1080">
     <span class='ocr_line' id='line_1_12' title="bbox 190 899 1611 988; baseline 0.002 -43"><span class='ocrx_word' id='word_1_103' title='bbox 190 899 346 988; x_wconf 79' lang='lat' dir='ltr'><strong>Asfuit</strong></span> <span class='ocrx_word' id='word_1_104' title='bbox 373 911 506 958; x_wconf 83' lang='lat' dir='ltr'><strong>postea</strong></span> <span class='ocrx_word' id='word_1_105' title='bbox 528 906 669 946; x_wconf 86' lang='lat' dir='ltr'><strong>tercius</strong></span> <span class='ocrx_word' id='word_1_106' title='bbox 689 906 843 958; x_wconf 89' lang='lat' dir='ltr'><strong>sapiens</strong></span> <span class='ocrx_word' id='word_1_107' title='bbox 863 912 901 947; x_wconf 92' lang='lat' dir='ltr'><strong>et</strong></span> <span class='ocrx_word' id='word_1_108' title='bbox 919 908 1087 947; x_wconf 86' lang='lat' dir='ltr'><strong>adorans</strong></span> <span class='ocrx_word' id='word_1_109' title='bbox 1106 921 1197 948; x_wconf 91' lang='lat' dir='ltr'><strong>eum</strong></span> <span class='ocrx_word' id='word_1_110' title='bbox 1216 908 1330 949; x_wconf 83' lang='lat' dir='ltr'><strong>dixit:</strong></span> <span class='ocrx_word' id='word_1_111' title='bbox 1372 908 1459 948; x_wconf 93' lang='lat' dir='ltr'><strong>Noli</strong></span> <span class='ocrx_word' id='word_1_112' title='bbox 1478 909 1611 960; x_wconf 85' lang='lat' dir='ltr'><strong>damp-</strong></span> 
     </span>
     <span class='ocr_line' id='line_1_13' title="bbox 288 965 1609 1018; baseline 0.002 -13"><span class='ocrx_word' id='word_1_113' title='bbox 288 979 383 1006; x_wconf 85' lang='lat' dir='ltr'><strong>nare</strong></span> <span class='ocrx_word' id='word_1_114' title='bbox 411 965 531 1005; x_wconf 84' lang='lat' dir='ltr'><strong>filium</strong></span> <span class='ocrx_word' id='word_1_115' title='bbox 560 971 681 1014; x_wconf 90' lang='lat' dir='ltr'><strong>tuum,</strong></span> <span class='ocrx_word' id='word_1_116' title='bbox 714 980 764 1006; x_wconf 94' lang='lat' dir='ltr'><strong>ne</strong></span> <span class='ocrx_word' id='word_1_117' title='bbox 791 966 955 1018; x_wconf 87' lang='lat' dir='ltr'><strong>paciaris</strong></span> <span class='ocrx_word' id='word_1_118' title='bbox 984 968 1312 1018; x_wconf 86' lang='lat' dir='ltr'>quemadmodum</span> <span class='ocrx_word' id='word_1_119' title='bbox 1340 981 1439 1008; x_wconf 87' lang='lat' dir='ltr'><strong>eom</strong></span> <span class='ocrx_word' id='word_1_120' title='bbox 1450 981 1497 1008; x_wconf 90' lang='lat' dir='ltr'><strong>es</strong></span> <span class='ocrx_word' id='word_1_121' title='bbox 1526 969 1609 1008; x_wconf 91' lang='lat' dir='ltr'><strong>Im-</strong></span> 
     </span>
     <span class='ocr_line' id='line_1_14' title="bbox 191 1024 1495 1080; baseline 0.003 -16"><span class='ocrx_word' id='word_1_122' title='bbox 191 1024 479 1076; x_wconf 77' lang='lat' dir='ltr'><strong>peratoris.²</strong></span> <span class='ocrx_word' id='word_1_123' title='bbox 533 1025 636 1065; x_wconf 83' lang='lat' dir='ltr'><strong>Dixit</strong></span> <span class='ocrx_word' id='word_1_124' title='bbox 664 1026 766 1066; x_wconf 87' lang='lat' dir='ltr'>Rex:</span> <span class='ocrx_word' id='word_1_125' title='bbox 810 1026 1016 1075; x_wconf 89' lang='lat' dir='ltr'>Quomodo</span> <span class='ocrx_word' id='word_1_126' title='bbox 1043 1027 1140 1067; x_wconf 73' lang='lat' dir='ltr'><strong>fuit?</strong></span> <span class='ocrx_word' id='word_1_127' title='bbox 1193 1027 1296 1068; x_wconf 84' lang='lat' dir='ltr'><strong>Dixit</strong></span> <span class='ocrx_word' id='word_1_128' title='bbox 1323 1027 1495 1080; x_wconf 88' lang='lat' dir='ltr'><strong>sapiens:</strong></span> 
     </span>
    </p>
   </div>
   <div class='ocr_carea' id='block_1_4' title="bbox 48 1196 1609 2102">
    <p class='ocr_par' dir='ltr' id='par_1_5' title="bbox 367 1196 1443 1258">
     <span class='ocr_line' id='line_1_15' title="bbox 367 1196 1443 1258; baseline 0.004 -18"><span class='ocrx_word' id='word_1_129' title='bbox 367 1202 393 1240; x_wconf 80' lang='grc'><strong>7</strong></span> <span class='ocrx_word' id='word_1_130' title='bbox 428 1196 581 1254; x_wconf 77' lang='lat' dir='ltr'><strong>[Tertii</strong></span> <span class='ocrx_word' id='word_1_131' title='bbox 613 1201 831 1252; x_wconf 79' lang='lat' dir='ltr'><strong>sapientis</strong></span> <span class='ocrx_word' id='word_1_132' title='bbox 861 1202 1004 1253; x_wconf 83' lang='lat' dir='ltr'><strong>prima</strong></span> <span class='ocrx_word' id='word_1_133' title='bbox 1033 1203 1241 1243; x_wconf 74' lang='lat' dir='ltr'><strong>historia:</strong></span> <span class='ocrx_word' id='word_1_134' title='bbox 1275 1198 1443 1258; x_wconf 52' lang='lat' dir='ltr'><strong>Gallim]</strong></span> 
     </span>
    </p>

    <p class='ocr_par' dir='ltr' id='par_1_6' title="bbox 48 1267 1609 2043">
     <span class='ocr_line' id='line_1_16' title="bbox 189 1267 1609 1355; baseline 0.004 -43"><span class='ocrx_word' id='word_1_135' title='bbox 189 1267 303 1355; x_wconf 81' lang='lat' dir='ltr'><strong>Fvit</strong></span> <span class='ocrx_word' id='word_1_136' title='bbox 330 1274 486 1324; x_wconf 86' lang='lat' dir='ltr'><strong>quidam</strong></span> <span class='ocrx_word' id='word_1_137' title='bbox 515 1287 675 1315; x_wconf 89' lang='lat' dir='ltr'><strong>comes</strong></span> <span class='ocrx_word' id='word_1_138' title='bbox 703 1275 1015 1327; x_wconf 85' lang='lat' dir='ltr'><strong>Imperatoris</strong></span> <span class='ocrx_word' id='word_1_139' title='bbox 1043 1276 1109 1327; x_wconf 88' lang='lat' dir='ltr'><strong>qui</strong></span> <span class='ocrx_word' id='word_1_140' title='bbox 1138 1278 1295 1317; x_wconf 85' lang='lat' dir='ltr'><strong>sedebat</strong></span> <span class='ocrx_word' id='word_1_141' title='bbox 1322 1277 1362 1317; x_wconf 91' lang='lat' dir='ltr'><strong>in</strong></span> <span class='ocrx_word' id='word_1_142' title='bbox 1392 1279 1510 1318; x_wconf 92' lang='lat' dir='ltr'><strong>domo</strong></span> <span class='ocrx_word' id='word_1_143' title='bbox 1538 1292 1609 1318; x_wconf 85' lang='lat' dir='ltr'><strong>sua</strong></span> 
     </span>
     <span class='ocr_line' id='line_1_17' title="bbox 275 1333 1609 1386; baseline 0.004 -14"><span class='ocrx_word' id='word_1_144' title='bbox 275 1338 312 1372; x_wconf 91' lang='lat' dir='ltr'><strong>et</strong></span> <span class='ocrx_word' id='word_1_145' title='bbox 339 1333 507 1374; x_wconf 84' lang='lat' dir='ltr'><strong>habebat</strong></span> <span class='ocrx_word' id='word_1_146' title='bbox 535 1335 729 1384; x_wconf 86' lang='lat' dir='ltr'>quendam</span> <span class='ocrx_word' id='word_1_147' title='bbox 758 1336 965 1386; x_wconf 82' lang='lat' dir='ltr'><strong>paruulum</strong></span> <span class='ocrx_word' id='word_1_148' title='bbox 994 1341 1141 1384; x_wconf 85' lang='lat' dir='ltr'><strong>natum,</strong></span> <span class='ocrx_word' id='word_1_149' title='bbox 1171 1341 1209 1376; x_wconf 89' lang='lat' dir='ltr'><strong>et</strong></span> <span class='ocrx_word' id='word_1_150' title='bbox 1235 1336 1385 1377; x_wconf 83' lang='lat' dir='ltr'><strong>iacebat</strong></span> <span class='ocrx_word' id='word_1_151' title='bbox 1412 1350 1542 1378; x_wconf 79' lang='lat' dir='ltr'><strong>eoram</strong></span> <span class='ocrx_word' id='word_1_152' title='bbox 1562 1351 1609 1378; x_wconf 92' lang='lat' dir='ltr'><strong>eo</strong></span> 
     </span>
     <span class='ocr_line' id='line_1_18' title="bbox 189 1393 1609 1447; baseline 0.004 -16"><span class='ocrx_word' id='word_1_153' title='bbox 189 1397 227 1431; x_wconf 90' lang='lat' dir='ltr'><strong>et</strong></span> <span class='ocrx_word' id='word_1_154' title='bbox 253 1405 334 1432; x_wconf 91' lang='lat' dir='ltr'><strong>non</strong></span> <span class='ocrx_word' id='word_1_155' title='bbox 363 1398 444 1433; x_wconf 84' lang='lat' dir='ltr'><strong>erat</strong></span> <span class='ocrx_word' id='word_1_156' title='bbox 472 1393 512 1433; x_wconf 91' lang='lat' dir='ltr'><strong>in</strong></span> <span class='ocrx_word' id='word_1_157' title='bbox 542 1395 657 1434; x_wconf 93' lang='lat' dir='ltr'><strong>domo</strong></span> <span class='ocrx_word' id='word_1_158' title='bbox 685 1394 783 1434; x_wconf 81' lang='lat' dir='ltr'><strong>alius</strong></span> <span class='ocrx_word' id='word_1_159' title='bbox 811 1400 938 1447; x_wconf 89' lang='lat' dir='ltr'><strong>preter</strong></span> <span class='ocrx_word' id='word_1_160' title='bbox 966 1394 1091 1435; x_wconf 74' lang='lat' dir='ltr'><strong>eum.³</strong></span> <span class='ocrx_word' id='word_1_161' title='bbox 1137 1396 1264 1436; x_wconf 90' lang='lat' dir='ltr'><strong>Misit</strong></span> <span class='ocrx_word' id='word_1_162' title='bbox 1291 1402 1444 1438; x_wconf 86' lang='lat' dir='ltr'><strong>autem</strong></span> <span class='ocrx_word' id='word_1_163' title='bbox 1464 1397 1609 1438; x_wconf 85' lang='lat' dir='ltr'><strong>Cesar</strong></span> 
     </span>
     <span class='ocr_line' id='line_1_19' title="bbox 189 1453 1607 1498; baseline 0.004 -7"><span class='ocrx_word' id='word_1_164' title='bbox 189 1456 232 1491; x_wconf 91' lang='lat' dir='ltr'><strong>et</strong></span> <span class='ocrx_word' id='word_1_165' title='bbox 259 1453 446 1492; x_wconf 85' lang='lat' dir='ltr'><strong>vooauit</strong></span> <span class='ocrx_word' id='word_1_166' title='bbox 483 1465 596 1494; x_wconf 91' lang='lat' dir='ltr'><strong>eum.</strong></span> <span class='ocrx_word' id='word_1_167' title='bbox 652 1453 735 1494; x_wconf 92' lang='lat' dir='ltr'><strong>Ille</strong></span> <span class='ocrx_word' id='word_1_168' title='bbox 767 1467 875 1494; x_wconf 87' lang='lat' dir='ltr'><strong>vero</strong></span> <span class='ocrx_word' id='word_1_169' title='bbox 904 1454 1116 1495; x_wconf 88' lang='lat' dir='ltr'><strong>surrexit</strong></span> <span class='ocrx_word' id='word_1_170' title='bbox 1144 1461 1187 1496; x_wconf 88' lang='lat' dir='ltr'><strong>et</strong></span> <span class='ocrx_word' id='word_1_171' title='bbox 1215 1455 1302 1496; x_wconf 88' lang='lat' dir='ltr'><strong>iuit</strong></span> <span class='ocrx_word' id='word_1_172' title='bbox 1328 1457 1384 1496; x_wconf 85' lang='lat' dir='ltr'><strong>ad</strong></span> <span class='ocrx_word' id='word_1_173' title='bbox 1413 1456 1542 1497; x_wconf 79' lang='lat' dir='ltr'><strong>eum⁴</strong></span> <span class='ocrx_word' id='word_1_174' title='bbox 1570 1463 1607 1498; x_wconf 90' lang='lat' dir='ltr'><strong>et</strong></span> 
     </span>
     <span class='ocr_line' id='line_1_20' title="bbox 189 1511 1607 1568; baseline 0.005 -18"><span class='ocrx_word' id='word_1_175' title='bbox 189 1511 350 1562; x_wconf 88' lang='lat' dir='ltr'><strong>reliquid</strong></span> <span class='ocrx_word' id='word_1_176' title='bbox 378 1525 467 1552; x_wconf 85' lang='lat' dir='ltr'><strong>eum</strong></span> <span class='ocrx_word' id='word_1_177' title='bbox 487 1512 633 1553; x_wconf 80' lang='lat' dir='ltr'><strong>infante</strong></span> <span class='ocrx_word' id='word_1_178' title='bbox 652 1513 824 1563; x_wconf 80' lang='lat' dir='ltr'><strong>eanem‚⁶</strong></span> <span class='ocrx_word' id='word_1_179' title='bbox 852 1520 1123 1555; x_wconf 82' lang='lat' dir='ltr'><strong>venatorem</strong></span> <span class='ocrx_word' id='word_1_180' title='bbox 1152 1515 1409 1568; x_wconf 80' lang='lat' dir='ltr'><strong>sagacem,⁸</strong></span> <span class='ocrx_word' id='word_1_181' title='bbox 1434 1516 1607 1566; x_wconf 78' lang='lat' dir='ltr'><strong>inferius,</strong></span> 
     </span>
     <span class='ocr_line' id='line_1_21' title="bbox 189 1570 1607 1627; baseline 0.005 -17"><span class='ocrx_word' id='word_1_182' title='bbox 189 1570 255 1622; x_wconf 88' lang='lat' dir='ltr'><strong>qui</strong></span> <span class='ocrx_word' id='word_1_183' title='bbox 284 1571 390 1611; x_wconf 83' lang='lat' dir='ltr'><strong>canis</strong></span> <span class='ocrx_word' id='word_1_184' title='bbox 426 1571 574 1612; x_wconf 86' lang='lat' dir='ltr'><strong>iacebat</strong></span> <span class='ocrx_word' id='word_1_185' title='bbox 607 1573 713 1613; x_wconf 87' lang='lat' dir='ltr'><strong>iuxta</strong></span> <span class='ocrx_word' id='word_1_186' title='bbox 740 1587 916 1625; x_wconf 90' lang='lat' dir='ltr'><strong>puerum.</strong></span> <span class='ocrx_word' id='word_1_187' title='bbox 974 1575 1021 1615; x_wconf 88' lang='lat' dir='ltr'><strong>Et</strong></span> <span class='ocrx_word' id='word_1_188' title='bbox 1048 1588 1136 1615; x_wconf 88' lang='lat' dir='ltr'><strong>ecce</strong></span> <span class='ocrx_word' id='word_1_189' title='bbox 1164 1588 1324 1627; x_wconf 86' lang='lat' dir='ltr'><strong>serpens</strong></span> <span class='ocrx_word' id='word_1_190' title='bbox 1351 1575 1459 1616; x_wconf 83' lang='lat' dir='ltr'><strong>affuit</strong></span> <span class='ocrx_word' id='word_1_191' title='bbox 1486 1582 1524 1616; x_wconf 90' lang='lat' dir='ltr'><strong>et</strong></span> <span class='ocrx_word' id='word_1_192' title='bbox 1550 1577 1607 1616; x_wconf 91' lang='lat' dir='ltr'><strong>in-</strong></span> 
     </span>
     <span class='ocr_line' id='line_1_22' title="bbox 119 1629 1607 1688; baseline 0.005 -20"><span class='ocrx_word' id='word_1_193' title='bbox 119 1639 172 1678; x_wconf 69' lang='lat'><strong>20</strong></span> <span class='ocrx_word' id='word_1_194' title='bbox 190 1629 356 1670; x_wconf 86' lang='lat' dir='ltr'><strong>surrexit</strong></span> <span class='ocrx_word' id='word_1_195' title='bbox 382 1630 423 1670; x_wconf 89' lang='lat' dir='ltr'><strong>in</strong></span> <span class='ocrx_word' id='word_1_196' title='bbox 452 1644 627 1683; x_wconf 90' lang='lat' dir='ltr'><strong>puerum.</strong></span> <span class='ocrx_word' id='word_1_197' title='bbox 685 1633 863 1674; x_wconf 88' lang='lat' dir='ltr'><strong>Cucurrit</strong></span> <span class='ocrx_word' id='word_1_198' title='bbox 896 1634 1002 1674; x_wconf 81' lang='lat' dir='ltr'><strong>canis</strong></span> <span class='ocrx_word' id='word_1_199' title='bbox 1030 1640 1068 1674; x_wconf 90' lang='lat' dir='ltr'><strong>et</strong></span> <span class='ocrx_word' id='word_1_200' title='bbox 1096 1634 1287 1686; x_wconf 74' lang='lat' dir='ltr'><strong>presit⁷</strong></span> <span class='ocrx_word' id='word_1_201' title='bbox 1321 1641 1540 1688; x_wconf 85' lang='lat' dir='ltr'><strong>serpentem</strong></span> <span class='ocrx_word' id='word_1_202' title='bbox 1570 1642 1607 1677; x_wconf 92' lang='lat' dir='ltr'><strong>et</strong></span> 
     </span>
     <span class='ocr_line' id='line_1_23' title="bbox 189 1689 1606 1746; baseline 0.006 -18"><span class='ocrx_word' id='word_1_203' title='bbox 189 1689 360 1730; x_wconf 85' lang='lat' dir='ltr'><strong>obuiauit</strong></span> <span class='ocrx_word' id='word_1_204' title='bbox 388 1691 607 1742; x_wconf 87' lang='lat' dir='ltr'><strong>supradicto</strong></span> <span class='ocrx_word' id='word_1_205' title='bbox 635 1693 806 1733; x_wconf 86' lang='lat' dir='ltr'><strong>domino.</strong></span> <span class='ocrx_word' id='word_1_206' title='bbox 861 1693 915 1733; x_wconf 92' lang='lat' dir='ltr'><strong>Os</strong></span> <span class='ocrx_word' id='word_1_207' title='bbox 943 1699 1074 1734; x_wconf 79' lang='lat' dir='ltr'><strong>autem</strong></span> <span class='ocrx_word' id='word_1_208' title='bbox 1101 1694 1209 1735; x_wconf 86' lang='lat' dir='ltr'><strong>canis</strong></span> <span class='ocrx_word' id='word_1_209' title='bbox 1237 1696 1396 1746; x_wconf 91' lang='lat' dir='ltr'><strong>plenum</strong></span> <span class='ocrx_word' id='word_1_210' title='bbox 1419 1701 1501 1736; x_wconf 80' lang='lat' dir='ltr'><strong>erat</strong></span> <span class='ocrx_word' id='word_1_211' title='bbox 1519 1709 1606 1736; x_wconf 85' lang='lat' dir='ltr'><strong>san—</strong></span> 
     </span>
     <span class='ocr_line' id='line_1_24' title="bbox 189 1749 1608 1806; baseline 0.006 -18"><span class='ocrx_word' id='word_1_212' title='bbox 189 1749 315 1800; x_wconf 83' lang='lat' dir='ltr'><strong>guine.</strong></span> <span class='ocrx_word' id='word_1_213' title='bbox 372 1749 512 1790; x_wconf 88' lang='lat' dir='ltr'><strong>Comes</strong></span> <span class='ocrx_word' id='word_1_214' title='bbox 539 1750 601 1791; x_wconf 91' lang='lat' dir='ltr'><strong>ille</strong></span> <span class='ocrx_word' id='word_1_215' title='bbox 628 1751 764 1792; x_wconf 87' lang='lat' dir='ltr'><strong>videns</strong></span> <span class='ocrx_word' id='word_1_216' title='bbox 791 1753 864 1792; x_wconf 88' lang='lat' dir='ltr'><strong>hee</strong></span> <span class='ocrx_word' id='word_1_217' title='bbox 887 1753 1012 1793; x_wconf 89' lang='lat' dir='ltr'><strong>timuit</strong></span> <span class='ocrx_word' id='word_1_218' title='bbox 1030 1759 1187 1805; x_wconf 88' lang='lat' dir='ltr'><strong>propter</strong></span> <span class='ocrx_word' id='word_1_219' title='bbox 1206 1755 1327 1794; x_wconf 84' lang='lat' dir='ltr'><strong>filium</strong></span> <span class='ocrx_word' id='word_1_220' title='bbox 1346 1761 1383 1795; x_wconf 89' lang='lat' dir='ltr'><strong>et</strong></span> <span class='ocrx_word' id='word_1_221' title='bbox 1402 1755 1608 1806; x_wconf 80' lang='lat' dir='ltr'><strong>euaginato</strong></span> 
     </span>
     <span class='ocr_line' id='line_1_25' title="bbox 189 1807 1607 1866; baseline 0.006 -20"><span class='ocrx_word' id='word_1_222' title='bbox 189 1807 315 1859; x_wconf 84' lang='lat' dir='ltr'><strong>gladio</strong></span> <span class='ocrx_word' id='word_1_223' title='bbox 355 1808 543 1850; x_wconf 82' lang='lat' dir='ltr'><strong>interfecit</strong></span> <span class='ocrx_word' id='word_1_224' title='bbox 582 1824 732 1852; x_wconf 86' lang='lat' dir='ltr'><strong>canem.</strong></span> <span class='ocrx_word' id='word_1_225' title='bbox 797 1812 844 1852; x_wconf 88' lang='lat' dir='ltr'><strong>Et</strong></span> <span class='ocrx_word' id='word_1_226' title='bbox 884 1814 1030 1853; x_wconf 82' lang='lat' dir='ltr'><strong>vadens</strong></span> <span class='ocrx_word' id='word_1_227' title='bbox 1069 1814 1230 1854; x_wconf 88' lang='lat' dir='ltr'><strong>domum</strong></span> <span class='ocrx_word' id='word_1_228' title='bbox 1266 1815 1406 1866; x_wconf 87' lang='lat' dir='ltr'><strong>reperit</strong></span> <span class='ocrx_word' id='word_1_229' title='bbox 1442 1827 1607 1866; x_wconf 90' lang='lat' dir='ltr'><strong>puerum</strong></span> 
     </span>
     <span class='ocr_line' id='line_1_26' title="bbox 48 1867 1608 1925; baseline 0.005 -19"><span class='ocrx_word' id='word_1_230' title='bbox 48 1875 174 1916; x_wconf 58' lang='lat'>1212&amp;</span> <span class='ocrx_word' id='word_1_231' title='bbox 191 1867 380 1908; x_wconf 81' lang='lat' dir='ltr'><strong>iacentem</strong></span> <span class='ocrx_word' id='word_1_232' title='bbox 404 1870 410 1918; x_wconf 95' lang='grc' dir='ltr'>Ι</span> <span class='ocrx_word' id='word_1_233' title='bbox 435 1874 473 1909; x_wconf 95' lang='lat' dir='ltr'><strong>et</strong></span> <span class='ocrx_word' id='word_1_234' title='bbox 500 1875 719 1921; x_wconf 83' lang='lat' dir='ltr'><strong>serpentem</strong></span> <span class='ocrx_word' id='word_1_235' title='bbox 747 1877 947 1912; x_wconf 81' lang='lat' dir='ltr'><strong>mortuum</strong></span> <span class='ocrx_word' id='word_1_236' title='bbox 974 1872 1081 1913; x_wconf 87' lang='lat' dir='ltr'><strong>iuxta</strong></span> <span class='ocrx_word' id='word_1_237' title='bbox 1103 1887 1204 1922; x_wconf 88' lang='lat' dir='ltr'><strong>eum,</strong></span> <span class='ocrx_word' id='word_1_238' title='bbox 1234 1879 1271 1914; x_wconf 90' lang='lat' dir='ltr'><strong>et</strong></span> <span class='ocrx_word' id='word_1_239' title='bbox 1290 1874 1381 1914; x_wconf 83' lang='lat' dir='ltr'><strong>vidit</strong></span> <span class='ocrx_word' id='word_1_240' title='bbox 1400 1875 1502 1925; x_wconf 91' lang='lat' dir='ltr'><strong>quod</strong></span> <span class='ocrx_word' id='word_1_241' title='bbox 1523 1873 1608 1913; x_wconf 88' lang='lat' dir='ltr'><strong>sine</strong></span> 
     </span>
     <span class='ocr_line' id='line_1_27' title="bbox 190 1928 1607 1983; baseline 0.005 -17"><span class='ocrx_word' id='word_1_242' title='bbox 190 1939 307 1967; x_wconf 82' lang='lat' dir='ltr'><strong>causa</strong></span> <span class='ocrx_word' id='word_1_243' title='bbox 344 1928 504 1979; x_wconf 87' lang='lat' dir='ltr'><strong>peremit</strong></span> <span class='ocrx_word' id='word_1_244' title='bbox 532 1942 669 1970; x_wconf 84' lang='lat' dir='ltr'><strong>canem</strong></span> <span class='ocrx_word' id='word_1_245' title='bbox 698 1936 735 1971; x_wconf 90' lang='lat' dir='ltr'><strong>et</strong></span> <span class='ocrx_word' id='word_1_246' title='bbox 763 1932 924 1983; x_wconf 84' lang='lat' dir='ltr'><strong>penituit</strong></span> <span class='ocrx_word' id='word_1_247' title='bbox 952 1932 1053 1972; x_wconf 86' lang='lat' dir='ltr'><strong>faeti.</strong></span> <span class='ocrx_word' id='word_1_248' title='bbox 1082 1955 1135 1961; x_wconf 88' lang='lat'>—</span> <span class='ocrx_word' id='word_1_249' title='bbox 1161 1933 1276 1973; x_wconf 90' lang='lat' dir='ltr'><strong>Nune</strong></span> <span class='ocrx_word' id='word_1_250' title='bbox 1303 1933 1401 1982; x_wconf 86' lang='lat' dir='ltr'><strong>vide,</strong></span> <span class='ocrx_word' id='word_1_251' title='bbox 1438 1934 1607 1982; x_wconf 82' lang='lat' dir='ltr'><strong>domine,</strong></span> 
     </span>
     <span class='ocr_line' id='line_1_28' title="bbox 120 1986 1608 2043; baseline 0.006 -19"><span class='ocrx_word' id='word_1_252' title='bbox 120 1995 172 2034; x_wconf 72' lang='lat'><strong>25</strong></span> <span class='ocrx_word' id='word_1_253' title='bbox 191 1999 242 2025; x_wconf 92' lang='lat' dir='ltr'><strong>ne</strong></span> <span class='ocrx_word' id='word_1_254' title='bbox 280 1986 443 2039; x_wconf 87' lang='lat' dir='ltr'><strong>dissipes</strong></span> <span class='ocrx_word' id='word_1_255' title='bbox 487 1988 608 2028; x_wconf 81' lang='lat' dir='ltr'><strong>tilium</strong></span> <span class='ocrx_word' id='word_1_256' title='bbox 651 2004 720 2041; x_wconf 90' lang='lat' dir='ltr'><strong>pro</strong></span> <span class='ocrx_word' id='word_1_257' title='bbox 762 1991 916 2043; x_wconf 87' lang='lat' dir='ltr'><strong>ingenio</strong></span> <span class='ocrx_word' id='word_1_258' title='bbox 943 1991 1127 2041; x_wconf 89' lang='lat' dir='ltr'><strong>mulieris,</strong></span> <span class='ocrx_word' id='word_1_259' title='bbox 1171 2006 1220 2033; x_wconf 92' lang='lat' dir='ltr'><strong>ne</strong></span> <span class='ocrx_word' id='word_1_260' title='bbox 1248 1993 1345 2033; x_wconf 85' lang='lat' dir='ltr'><strong>forte</strong></span> <span class='ocrx_word' id='word_1_261' title='bbox 1371 1993 1475 2033; x_wconf 82' lang='lat' dir='ltr'><strong>fallat</strong></span> <span class='ocrx_word' id='word_1_262' title='bbox 1504 1999 1541 2033; x_wconf 93' lang='lat' dir='ltr'><strong>te</strong></span> <span class='ocrx_word' id='word_1_263' title='bbox 1569 1999 1608 2033; x_wconf 89' lang='lat' dir='ltr'><strong>vt</strong></span> 
     </span>
    </p>

    <p class='ocr_par' dir='ltr' id='par_1_7' title="bbox 192 2046 1528 2102">
     <span class='ocr_line' id='line_1_29' title="bbox 192 2046 1528 2102; baseline 0.006 -17"><span class='ocrx_word' id='word_1_264' title='bbox 192 2046 357 2096; x_wconf 86' lang='lat' dir='ltr'><strong>quedam</strong></span> <span class='ocrx_word' id='word_1_265' title='bbox 384 2060 496 2087; x_wconf 86' lang='lat' dir='ltr'><strong>anus.</strong></span> <span class='ocrx_word' id='word_1_266' title='bbox 552 2049 599 2088; x_wconf 85' lang='lat' dir='ltr'><strong>Et</strong></span> <span class='ocrx_word' id='word_1_267' title='bbox 627 2050 721 2090; x_wconf 86' lang='lat' dir='ltr'><strong>dixit</strong></span> <span class='ocrx_word' id='word_1_268' title='bbox 748 2051 853 2091; x_wconf 89' lang='lat' dir='ltr'><strong>Rex:</strong></span> <span class='ocrx_word' id='word_1_269' title='bbox 896 2051 978 2099; x_wconf 85' lang='lat' dir='ltr'><strong>Dic,</strong></span> <span class='ocrx_word' id='word_1_270' title='bbox 1007 2053 1203 2102; x_wconf 84' lang='lat' dir='ltr'><strong>quomodo</strong></span> <span class='ocrx_word' id='word_1_271' title='bbox 1230 2052 1327 2093; x_wconf 72' lang='lat' dir='ltr'><strong>fuit?</strong></span> <span class='ocrx_word' id='word_1_272' title='bbox 1381 2053 1428 2093; x_wconf 87' lang='lat' dir='ltr'><strong>Et</strong></span> <span class='ocrx_word' id='word_1_273' title='bbox 1455 2052 1528 2093; x_wconf 83' lang='lat' dir='ltr'><strong>ait:</strong></span> 
     </span>
    </p>
   </div>
   <div class='ocr_carea' id='block_1_5' title="bbox 123 1342 170 1381">
    <p class='ocr_par' dir='ltr' id='par_1_8' title="bbox 123 1342 170 1381">
     <span class='ocr_line' id='line_1_30' title="bbox 123 1342 170 1381; baseline 0 0"><span class='ocrx_word' id='word_1_274' title='bbox 123 1342 170 1381; x_wconf 88' lang='grc'><strong>15</strong></span> 
     </span>
    </p>
   </div>
   <div class='ocr_carea' id='block_1_6' title="bbox 284 2159 851 2208">
    <p class='ocr_par' dir='ltr' id='par_1_9' title="bbox 284 2159 851 2208">
     <span class='ocr_line' id='line_1_31' title="bbox 284 2159 851 2208; baseline 0.009 -14"><span class='ocrx_word' id='word_1_275' title='bbox 284 2159 322 2195; x_wconf 91' lang='grc' dir='ltr'><strong>Ζ.</strong></span> <span class='ocrx_word' id='word_1_276' title='bbox 341 2160 363 2194; x_wconf 94' lang='grc'>8</span> <span class='ocrx_word' id='word_1_277' title='bbox 387 2159 525 2197; x_wconf 82' lang='lat' dir='ltr'><strong>danari.</strong></span> <span class='ocrx_word' id='word_1_278' title='bbox 552 2182 596 2187; x_wconf 91' lang='lat'>—</span> <span class='ocrx_word' id='word_1_279' title='bbox 622 2163 669 2197; x_wconf 74' lang='lat'><strong>25</strong></span> <span class='ocrx_word' id='word_1_280' title='bbox 693 2163 851 2208; x_wconf 88' lang='lat' dir='ltr'><strong>distipes.</strong></span> 
     </span>
    </p>
   </div>
   <div class='ocr_carea' id='block_1_7' title="bbox 194 2225 471 2232">
    <p class='ocr_par' dir='ltr' id='par_1_10' title="bbox 194 2225 471 2232">
     <span class='ocr_line' id='line_1_32' title="bbox 194 2225 471 2232; baseline 0 0"><span class='ocrx_word' id='word_1_281' title='bbox 194 2225 471 2232; x_wconf 95' lang='lat' dir='ltr'><strong> </strong></span> 
     </span>
    </p>
   </div>
   <div class='ocr_carea' id='block_1_8' title="bbox 190 2260 1613 2619">
    <p class='ocr_par' dir='ltr' id='par_1_11' title="bbox 190 2260 1613 2619">
     <span class='ocr_line' id='line_1_33' title="bbox 290 2260 1608 2312; baseline 0.004 -15"><span class='ocrx_word' id='word_1_282' title='bbox 290 2260 302 2281; x_wconf 89' lang='lat'>¹</span> <span class='ocrx_word' id='word_1_283' title='bbox 326 2273 381 2297; x_wconf 80' lang='lat' dir='ltr'><strong>ms</strong></span> <span class='ocrx_word' id='word_1_284' title='bbox 395 2277 437 2292; x_wconf 92' lang='lat'>=</span> <span class='ocrx_word' id='word_1_285' title='bbox 453 2264 486 2297; x_wconf 91' lang='lat' dir='ltr'><em>B</em></span> <span class='ocrx_word' id='word_1_286' title='bbox 502 2264 586 2299; x_wconf 82' lang='lat' dir='ltr'><strong>Nat.</strong></span> <span class='ocrx_word' id='word_1_287' title='bbox 611 2267 681 2299; x_wconf 89' lang='lat'><strong>510</strong></span> <span class='ocrx_word' id='word_1_288' title='bbox 705 2264 873 2306; x_wconf 89' lang='lat' dir='ltr'><strong>(dieselbe</strong></span> <span class='ocrx_word' id='word_1_289' title='bbox 899 2264 1049 2308; x_wconf 89' lang='lat' dir='ltr'><strong>Quelle).</strong></span> <span class='ocrx_word' id='word_1_290' title='bbox 1076 2283 1121 2290; x_wconf 96' lang='lat'>—</span> <span class='ocrx_word' id='word_1_291' title='bbox 1149 2263 1163 2284; x_wconf 79' lang='lat'>²</span> <span class='ocrx_word' id='word_1_292' title='bbox 1187 2264 1245 2300; x_wconf 91' lang='lat' dir='ltr'><strong>ein</strong></span> <span class='ocrx_word' id='word_1_293' title='bbox 1262 2264 1525 2312; x_wconf 64' lang='lat' dir='ltr'><strong>Waffentrager</strong></span> <span class='ocrx_word' id='word_1_294' title='bbox 1540 2267 1608 2311; x_wconf 80' lang='lat' dir='ltr'><strong>Sg.</strong></span> 
     </span>
     <span class='ocr_line' id='line_1_34' title="bbox 192 2313 1609 2363; baseline 0.003 -12"><span class='ocrx_word' id='word_1_295' title='bbox 192 2313 266 2361; x_wconf 70' lang='lat' dir='ltr'><strong>GL,</strong></span> <span class='ocrx_word' id='word_1_296' title='bbox 279 2314 338 2350; x_wconf 89' lang='lat' dir='ltr'><strong>ein</strong></span> <span class='ocrx_word' id='word_1_297' title='bbox 355 2315 504 2361; x_wconf 82' lang='lat' dir='ltr'><strong>Knappe</strong></span> <span class='ocrx_word' id='word_1_298' title='bbox 519 2315 599 2363; x_wconf 68' lang='lat' dir='ltr'><strong>Gr„</strong></span> <span class='ocrx_word' id='word_1_299' title='bbox 625 2318 683 2352; x_wconf 89' lang='lat' dir='ltr'><strong>ein</strong></span> <span class='ocrx_word' id='word_1_300' title='bbox 701 2318 810 2352; x_wconf 85' lang='lat' dir='ltr'><strong>Manu</strong></span> <span class='ocrx_word' id='word_1_301' title='bbox 828 2318 864 2353; x_wconf 92' lang='lat' dir='ltr'><strong>in</strong></span> <span class='ocrx_word' id='word_1_302' title='bbox 881 2318 1016 2362; x_wconf 75' lang='lat' dir='ltr'><strong>Konigs</strong></span> <span class='ocrx_word' id='word_1_303' title='bbox 1034 2318 1207 2353; x_wconf 88' lang='lat' dir='ltr'><strong>Diensten</strong></span> <span class='ocrx_word' id='word_1_304' title='bbox 1225 2319 1289 2363; x_wconf 82' lang='lat' dir='ltr'><strong>Sn,</strong></span> <span class='ocrx_word' id='word_1_305' title='bbox 1306 2319 1385 2361; x_wconf 83' lang='lat' dir='ltr'><strong>LE,</strong></span> <span class='ocrx_word' id='word_1_306' title='bbox 1409 2319 1467 2355; x_wconf 91' lang='lat' dir='ltr'><strong>ein</strong></span> <span class='ocrx_word' id='word_1_307' title='bbox 1486 2320 1609 2355; x_wconf 78' lang='lat' dir='ltr'><strong>Soldat</strong></span> 
     </span>
     <span class='ocr_line' id='line_1_35' title="bbox 190 2366 1608 2419; baseline 0.004 -16"><span class='ocrx_word' id='word_1_308' title='bbox 190 2368 246 2404; x_wconf 71' lang='lat' dir='ltr'><strong>Se.</strong></span> <span class='ocrx_word' id='word_1_309' title='bbox 263 2386 309 2392; x_wconf 90' lang='lat'>—</span> <span class='ocrx_word' id='word_1_310' title='bbox 328 2366 342 2387; x_wconf 81' lang='lat'>⁸</span> <span class='ocrx_word' id='word_1_311' title='bbox 365 2368 470 2404; x_wconf 85' lang='lat' dir='ltr'><strong>Rolle</strong></span> <span class='ocrx_word' id='word_1_312' title='bbox 495 2370 558 2405; x_wconf 83' lang='lat' dir='ltr'><strong>der</strong></span> <span class='ocrx_word' id='word_1_313' title='bbox 574 2369 705 2406; x_wconf 87' lang='lat' dir='ltr'><strong>Mutter</strong></span> <span class='ocrx_word' id='word_1_314' title='bbox 729 2372 791 2416; x_wconf 84' lang='lat' dir='ltr'><strong>Sn,</strong></span> <span class='ocrx_word' id='word_1_315' title='bbox 809 2372 865 2417; x_wconf 77' lang='lat' dir='ltr'><strong>Ss,</strong></span> <span class='ocrx_word' id='word_1_316' title='bbox 883 2373 962 2408; x_wconf 86' lang='lat' dir='ltr'><strong>LE.</strong></span> <span class='ocrx_word' id='word_1_317' title='bbox 977 2392 1022 2398; x_wconf 97' lang='lat'><strong>—</strong></span> <span class='ocrx_word' id='word_1_318' title='bbox 1037 2370 1052 2392; x_wconf 79' lang='lat'><strong>⁴</strong></span> <span class='ocrx_word' id='word_1_319' title='bbox 1068 2371 1158 2407; x_wconf 83' lang='lat' dir='ltr'><strong>fehlt</strong></span> <span class='ocrx_word' id='word_1_320' title='bbox 1174 2370 1242 2416; x_wconf 74' lang='lat' dir='ltr'><strong>Sg.</strong></span> <span class='ocrx_word' id='word_1_321' title='bbox 1256 2370 1320 2409; x_wconf 80' lang='lat' dir='ltr'><strong>Gr.</strong></span> <span class='ocrx_word' id='word_1_322' title='bbox 1335 2371 1410 2419; x_wconf 72' lang='lat' dir='ltr'><strong>cl„</strong></span> <span class='ocrx_word' id='word_1_323' title='bbox 1426 2384 1482 2408; x_wconf 82' lang='lat' dir='ltr'><strong>ms</strong></span> <span class='ocrx_word' id='word_1_324' title='bbox 1496 2388 1537 2403; x_wconf 88' lang='lat'>=</span> <span class='ocrx_word' id='word_1_325' title='bbox 1552 2375 1608 2416; x_wconf 77' lang='lat' dir='ltr'><strong>Ss,</strong></span> 
     </span>
     <span class='ocr_line' id='line_1_36' title="bbox 190 2422 1608 2467; baseline 0.006 -13"><span class='ocrx_word' id='word_1_326' title='bbox 190 2422 254 2466; x_wconf 73' lang='lat' dir='ltr'><strong>Su,</strong></span> <span class='ocrx_word' id='word_1_327' title='bbox 290 2422 366 2463; x_wconf 88' lang='lat' dir='ltr'>LE&#39;,</span> <span class='ocrx_word' id='word_1_328' title='bbox 400 2423 652 2459; x_wconf 80' lang='lat' dir='ltr'><strong>Directorium.</strong></span> <span class='ocrx_word' id='word_1_329' title='bbox 689 2444 734 2450; x_wconf 94' lang='lat'><strong>-—</strong></span> <span class='ocrx_word' id='word_1_330' title='bbox 770 2423 784 2445; x_wconf 79' lang='lat'>⁵</span> <span class='ocrx_word' id='word_1_331' title='bbox 809 2424 889 2461; x_wconf 89' lang='lat' dir='ltr'><strong>eine</strong></span> <span class='ocrx_word' id='word_1_332' title='bbox 922 2425 1028 2461; x_wconf 83' lang='lat' dir='ltr'><strong>Katze</strong></span> <span class='ocrx_word' id='word_1_333' title='bbox 1062 2426 1131 2461; x_wconf 89' lang='lat' dir='ltr'><strong>SN</strong></span> <span class='ocrx_word' id='word_1_334' title='bbox 1150 2424 1221 2467; x_wconf 89' lang='lat' dir='ltr'><strong>(ein</strong></span> <span class='ocrx_word' id='word_1_335' title='bbox 1246 2425 1379 2461; x_wconf 87' lang='lat' dir='ltr'><strong>Wiesel</strong></span> <span class='ocrx_word' id='word_1_336' title='bbox 1413 2426 1463 2462; x_wconf 91' lang='lat' dir='ltr'><strong>im</strong></span> <span class='ocrx_word' id='word_1_337' title='bbox 1497 2426 1608 2462; x_wconf 82' lang='lat' dir='ltr'><strong>Calila</strong></span> 
     </span>
     <span class='ocr_line' id='line_1_37' title="bbox 190 2474 1613 2522; baseline 0.005 -14"><span class='ocrx_word' id='word_1_338' title='bbox 190 2474 264 2509; x_wconf 89' lang='lat' dir='ltr'><strong>und</strong></span> <span class='ocrx_word' id='word_1_339' title='bbox 291 2474 521 2520; x_wconf 66' lang='lat' dir='ltr'><strong>Hitopadeqa,</strong></span> <span class='ocrx_word' id='word_1_340' title='bbox 556 2477 614 2512; x_wconf 89' lang='lat' dir='ltr'><strong>ein</strong></span> <span class='ocrx_word' id='word_1_341' title='bbox 649 2477 872 2514; x_wconf 90' lang='lat' dir='ltr'><strong>Ichneumon</strong></span> <span class='ocrx_word' id='word_1_342' title='bbox 907 2479 957 2515; x_wconf 91' lang='lat' dir='ltr'><strong>im</strong></span> <span class='ocrx_word' id='word_1_343' title='bbox 982 2479 1247 2522; x_wconf 72' lang='lat' dir='ltr'><strong>Pancatantra).</strong></span> <span class='ocrx_word' id='word_1_344' title='bbox 1283 2498 1325 2504; x_wconf 90' lang='lat'><strong>—</strong></span> <span class='ocrx_word' id='word_1_345' title='bbox 1353 2478 1369 2500; x_wconf 74' lang='lat'>⁶</span> <span class='ocrx_word' id='word_1_346' title='bbox 1392 2491 1447 2515; x_wconf 66' lang='lat' dir='ltr'><strong>ms</strong></span> <span class='ocrx_word' id='word_1_347' title='bbox 1472 2495 1513 2510; x_wconf 94' lang='lat'>=</span> <span class='ocrx_word' id='word_1_348' title='bbox 1541 2482 1613 2516; x_wconf 83' lang='lat' dir='ltr'><strong>LE</strong></span> 
     </span>
     <span class='ocr_line' id='line_1_38' title="bbox 191 2527 1608 2578; baseline 0.005 -16"><span class='ocrx_word' id='word_1_349' title='bbox 191 2527 281 2569; x_wconf 89' lang='lat' dir='ltr'><strong>(hier</strong></span> <span class='ocrx_word' id='word_1_350' title='bbox 315 2527 493 2573; x_wconf 79' lang='lat' dir='ltr'><strong>Schlenge</strong></span> <span class='ocrx_word' id='word_1_351' title='bbox 529 2530 641 2565; x_wconf 87' lang='lat' dir='ltr'><strong>durch</strong></span> <span class='ocrx_word' id='word_1_352' title='bbox 666 2531 735 2566; x_wconf 89' lang='lat' dir='ltr'><strong>den</strong></span> <span class='ocrx_word' id='word_1_353' title='bbox 773 2531 913 2568; x_wconf 89' lang='lat' dir='ltr'><strong>Geruch</strong></span> <span class='ocrx_word' id='word_1_354' title='bbox 950 2534 1013 2568; x_wconf 89' lang='lat' dir='ltr'><strong>der</strong></span> <span class='ocrx_word' id='word_1_355' title='bbox 1050 2532 1292 2568; x_wconf 80' lang='lat' dir='ltr'><strong>Muttermilch</strong></span> <span class='ocrx_word' id='word_1_356' title='bbox 1327 2533 1537 2578; x_wconf 75' lang='lat' dir='ltr'><strong>angelockt).</strong></span> <span class='ocrx_word' id='word_1_357' title='bbox 1563 2555 1608 2560; x_wconf 96' lang='lat'><strong>—</strong></span> 
     </span>
     <span class='ocr_line' id='line_1_39' title="bbox 195 2580 502 2619; baseline 0.003 -3"><span class='ocrx_word' id='word_1_358' title='bbox 195 2580 207 2600; x_wconf 87' lang='lat'>⁷</span> <span class='ocrx_word' id='word_1_359' title='bbox 232 2584 349 2617; x_wconf 79' lang='lat' dir='ltr'><strong>sonst:</strong></span> <span class='ocrx_word' id='word_1_360' title='bbox 380 2585 502 2619; x_wconf 77' lang='lat' dir='ltr'><strong>totete.</strong></span> 
     </span>
    </p>
   </div>
  </div>
 </body>
</html>
