1742 3080
722 174 955 211 „5-

122 305 220 332 eene
246 305 297 333 ne
323 292 472 334 aecidat
499 292 571 333 tibi
593 293 694 334 sicut
721 294 851 335 euenit
877 296 1031 337 cuidam
1060 297 1166 349 Regi,
1198 298 1259 339 cui
1286 311 1430 340 nomen
1458 305 1540 341 erat

123 350 362 394 Versum.¹
407 351 455 393 Et
481 352 577 393 dixit
603 352 704 393 Rex:
733 353 837 402 Quid
855 355 984 396 euenit
1002 356 1065 397 ei?
1103 356 1215 398 Tunc
1243 358 1398 409 sapiens
1424 357 1537 400 dixit:

312 498 366 558 [1.
399 502 535 544 Primi
565 503 787 556 sapientie
817 505 959 557 prime
988 506 1200 548 historin
1232 502 1360 563 Leo-J

179 582 307 623 vidam
334 582 419 623 Rex
456 582 526 623 fuit
563 583 604 623 in
645 584 776 623 seculo
805 585 1042 636 temporibus
1077 586 1150 626 illis
1178 587 1306 638 larga
1334 601 1472 628 manu
1498 595 1537 629 et

204 642 408 682 dilectus
435 642 492 682 ab
520 642 747 683 omnibus
774 644 1007 683 militibus
1035 651 1224 697 propter
1250 659 1379 686 suam
1401 647 1535 699 largi·

117 700 300 741 tatem.¹
353 701 465 741 Tunc
502 702 670 752 quedam
712 702 837 754 puella
876 703 1008 755 pulcra
1044 705 1092 744 ad
1129 704 1336 745 videndum
1370 707 1539 758 floreque
1583 703 1608 742 5

115 759 279 811 eleganti
309 760 516 801 coniuncta
542 767 624 801 erat
652 762 804 809 marito,
844 762 979 802 cuius
1007 763 1172 803 domus
1198 763 1328 804 iuxta
1354 765 1537 805 domum

114 819 304 872 regiam
335 819 440 861 sita
467 819 606 860 erat.⁸
660 821 788 870 Quam
816 821 900 861 Rex
927 822 1156 862 adamauiu
1210 822 1384 874 Surgens
1407 830 1535 864 autem

113 877 198 919 Rex
233 891 324 919 cum
351 879 505 919 duobus
532 880 724 920 eunuchis
753 880 835 920 suis
869 880 1050 921 nocte⁸
1078 882 1145 921 iuit
1172 883 1221 922 ad
1249 883 1408 922 domum
1436 883 1536 923 illius

111 937 340 990 inpetum
369 937 604 979 faciens.⁸
660 939 707 979 Vt
745 946 875 980 autem
906 940 998 981 vidit
1024 941 1163 981 mulier
1191 954 1333 992 regem,
1372 947 1533 983 treme-

113 996 269 1038 facta²
296 997 409 1038 dixit:
451 998 550 1038 Ecce
577 998 718 1038 ancilla
745 1004 812 1039 tua
839 1001 880 1039 in
894 1012 1016 1039 manu
1032 1005 1098 1039 tua
1120 1006 1190 1047 est,
1218 1001 1277 1040 sac
1295 1000 1335 1040 in
1350 1014 1413 1041 me
1431 1003 1533 1051 quod
1557 997 1605 1036 10

110 1057 235 1108 placet
260 1057 300 1097 in
320 1057 442 1098 oculis
461 1057 555 1105 tuis;
585 1059 653 1098 sed
672 1058 704 1098 si
720 1058 792 1106 uis,
821 1059 978 1099 domine
996 1059 1062 1107 mi,
1075 1060 1295 1099 mundabor
1313 1065 1351 1099 et
1369 1059 1533 1111 vngam⁸

111 1128 176 1156 me
220 1120 258 1156 et
294 1121 428 1167 postea
454 1117 607 1156 veniam
640 1116 688 1156 in
719 1116 909 1157 cubile⁹
936 1119 985 1158 ad
1012 1130 1155 1169 regem.
1211 1118 1322 1158 Tunc
1350 1119 1433 1158 Rex
1460 1119 1530 1159 ait:

111 1174 256 1216 Facito.
311 1175 365 1215 At
390 1176 529 1216 mulier
557 1177 684 1228 posuit
711 1177 854 1217 librum
882 1183 973 1218 ante
1000 1191 1130 1229 regem
1159 1183 1196 1217 et
1223 1178 1296 1217 ait:
1330 1178 1448 1229 Legat
1476 1179 1531 1218 in·

113 1235 226 1275 terim
273 1234 457 1275 dominus
495 1249 608 1276 meus
658 1235 697 1275 in
750 1236 849 1276 libro
889 1237 975 1278 hoc.
1031 1237 1118 1285 Quo
1158 1237 1256 1276 facto
1293 1238 1429 1277 mulier
1467 1237 1531 1278 ina

109 1306 363 1334 concussa
380 1300 504 1335 metu
524 1294 804 1336 clanculo¹⁰
822 1309 890 1348 per
909 1296 1012 1336 aliud
1030 1296 1200 1336 hostium
1220 1297 1350 1348 fugam
1369 1296 1529 1348 petiit.¹¹
1551 1293 1599 1332 15

112 1353 161 1394 Et
197 1355 337 1394 sedens
364 1354 448 1394 Rex
482 1354 523 1394 in
547 1354 649 1395 libro
685 1356 822 1407 [legit]‚
857 1356 981 1396 donec
1014 1356 1163 1396 inuenit
1189 1358 1373 1406 scriptum
1401 1357 1528 1407 quod

110 1413 398 1454 adulterium
438 1414 591 1455 aliene
627 1420 774 1467 nupte
800 1429 1018 1467 magnum
1046 1414 1313 1455 delictum¹¹
1339 1421 1420 1455 est.
1476 1415 1525 1455 Et

107 1473 294 1513 intellexit
330 1474 414 1514 Rex
449 1475 551 1525 quod
586 1475 779 1526 sapienter
816 1475 966 1515 fecisset
989 1477 994 1523 Ι
1020 1474 1169 1522 mulier,
1211 1476 1323 1514 dum
1360 1475 1667 1526 rugammmr

105 1532 240 1572 inrui
246 1533 301 1585 jt,
357 1533 529 1585 Surgens
566 1540 696 1574 autem
725 1534 808 1574 Rex
837 1535 994 1574 recessit
1021 1540 1058 1574 et
1086 1534 1225 1574 oblitus
1252 1539 1310 1574 est
1338 1533 1525 1585 virgam¹⁸

109 1604 226 1643 quam
253 1606 375 1633 manu
403 1594 572 1641 tenebat,
600 1599 638 1633 et
657 1594 822 1645 ipsamet
849 1594 987 1634 mulier
1016 1607 1095 1634 non
1115 1593 1306 1645 cognouit.
1354 1593 1522 1633 Veniens
1541 1590 1595 1629 20

106 1651 262 1691 interim
289 1652 452 1692 maritus
478 1652 651 1693 mulieris
678 1653 719 1693 in
747 1654 907 1694 domum
941 1667 1065 1701 suam,
1103 1653 1254 1706 aparuit
1279 1652 1385 1704 virga
1411 1653 1522 1705 regis,

104 1716 143 1750 et
178 1710 289 1751 dixit:
345 1711 490 1751 Verum
527 1717 586 1752 est
621 1713 725 1764 quod
761 1712 845 1752 Rex
886 1713 1001 1753 iacuit
1031 1725 1121 1752 cum
1158 1724 1274 1752 vxore
1309 1725 1408 1752 mea.
1464 1712 1511 1752 Et

102 1762 230 1810 timim
270 1771 410 1811 exinde
447 1771 622 1811 altercari
659 1785 750 1812 eum
784 1785 841 1819 ea,
884 1773 953 1812 sed
990 1786 1069 1812 non
1110 1777 1169 1811 ost
1205 1772 1357 1811 locutus
1387 1770 1422 1811 ei
1449 1784 1522 1811 nee

102 1830 251 1870 bonum
293 1843 365 1871 nec
405 1831 551 1871 malum
592 1844 666 1871 nec
707 1831 873 1872 eomedit
912 1845 1002 1872 cum
1039 1845 1085 1872 ea
1118 1844 1191 1871 nec
1227 1830 1353 1871 iacuit.
1410 1830 1521 1870 Vnde

101 1889 240 1930 mulier
266 1889 335 1930 iuit
362 1891 411 1930 ad
438 1892 601 1930 domum
628 1891 748 1943 patris
775 1891 834 1931 sui
863 1897 902 1931 et
929 1891 998 1931 suit
1025 1891 1166 1930 ibidem
1223 1892 1299 1930 .3Ο.
1328 1890 1475 1930 diebus.
1485 1889 1519 1914 ¹⁴
1538 1887 1590 1927 25

194 1972 232 2009 Z.
257 1974 281 2009 6
305 1973 483 2010 minnota.
509 1993 553 2000 -—
583 1975 627 2010 16
651 1975 739 2020 legit
764 1974 864 2010 fehlt.
890 1995 935 2001 —
961 1975 1007 2010 23
1032 1973 1188 2010 alterari.

200 2074 212 2095 ¹
235 2075 340 2112 Kisra
364 2075 433 2120 sg.
449 2075 533 2122 (21¹0,
555 2077 668 2113 Rem
693 2076 754 2114 cl.
773 2097 815 2102 —
844 2076 859 2097 ²
883 2087 956 2112 von
980 2076 1114 2121 grofier
1129 2075 1266 2111 Gewalt
1288 2075 1365 2111 und
1382 2074 1519 2111 beliebt

98 2127 158 2164 bei
181 2127 308 2164 seinen
331 2128 556 2166 Untertanen
582 2129 649 2175 ὃς.
674 2128 757 2176 Gn,
782 2129 1001 2174 weithandig
1024 2130 1100 2166 und
1124 2140 1195 2165 von
1227 2129 1298 2165 den
1322 2128 1516 2164 uenschen

98 2180 231 2226 satient
246 2180 308 2219 el.
341 2182 459 2218 Unser
473 2183 565 2219 Text
587 2182 665 2219 last
689 2194 765 2226 aus,
790 2183 863 2219 dafi
888 2194 928 2219 er
943 2183 1119 2219 lieboetoll
1136 2193 1220 2218 war.
1245 2202 1293 2208 -
1319 2181 1335 2203 ⁸
1358 2182 1428 2218 MS
1440 2181 1516 2217 und

96 2234 156 2271 die
179 2235 338 2272 anderen
362 2236 578 2272 Vereionen:
612 2247 653 2272 er
674 2237 770 2273 sieht
793 2237 845 2273 sie
869 2247 956 2272 vom
981 2236 1102 2272 Daehe
1133 2236 1251 2272 seinos
1275 2235 1445 2271 Palestes.
1468 2253 1515 2260 -

99 2286 115 2308 ⁴
138 2288 190 2324 Zn
213 2288 298 2325 dem
321 2289 447 2326 Zweck
471 2290 561 2326 wird
585 2290 650 2326 der
673 2290 782 2326 Hann
807 2290 982 2333 (Minister
1005 2290 1083 2332 SV)
1108 2300 1194 2326 vom
1217 2289 1356 2333 Konige
1381 2298 1514 2333 wegge-

96 2341 607 2385 sehicktSis,LE,SV.
638 2342 939 2379 —⁸m⁸=Se.
974 2363 1020 2370 —
1052 2343 1249 2379 ‘nurus-3.
1278 2361 1320 2367 —-
1350 2341 1513 2377 ’Zusatz

96 2406 163 2430 m.
180 2414 218 2420 —
237 2395 253 2415 ⁸
263 2396 317 2432 sie
328 2396 480 2432 bereitet
494 2396 703 2441 Bewirtung
719 2407 786 2432 vor
801 2397 867 2432 SV
878 2396 1057 2438 (Sehfissel
1079 2396 1147 2432 mit
1170 2396 1218 2431 90
1234 2394 1447 2437 Geiichten).
1464 2412 1511 2419 —

98 2446 265 2484 ’Zusatz
287 2460 353 2492 me.
395 2468 435 2475 -
479 2449 510 2470 ¹⁰
532 2460 604 2486 nur
627 2462 691 2486 ms.
726 2470 760 2476 —
808 2449 837 2471 ¹¹
861 2450 1169 2486 Fluentium-HS.
1195 2470 1240 2477 —
1270 2447 1511 2491 ¹¹m=sn,

95 2501 173 2543 LE,
199 2502 313 2547 SVH,
336 2503 439 2539 SVS.
463 2503 580 2540 Strafe
614 2504 672 2539 fflr
702 2503 893 2540 Ehebruch
925 2503 1051 2539 betont
1087 2504 1131 2539 Se
1164 2503 1238 2539 und
1269 2501 1337 2547 ὃς.
1371 2500 1431 2539 cl.
1467 2519 1510 2526 -

99 2552 130 2575 ¹⁸
158 2555 238 2591 HS.
261 2555 461 2602 siegelring
496 2560 598 2593 sonst
631 2557 732 2600 (aber
758 2557 938 2593 Sandalen
963 2558 1041 2600 LE,
1067 2557 1138 2602 νεὶ.
1168 2557 1219 2592 La
1241 2554 1428 2591 Pantoune
1460 2553 1509 2589 dn

94 2606 221 2644 Sultan
245 2608 305 2645 hei
330 2609 531 2654 cardonne,
555 2610 739 2655 Helanges
762 2611 808 2646 de
832 2611 898 2646 litt.
921 2621 974 2646 or.
992 2611 1019 2655 1,
1044 2621 1080 2655 p.
1096 2610 1143 2653 8).
1167 2629 1215 2636 -
1242 2607 1273 2629 “
1295 2608 1353 2644 ein
1379 2617 1509 2652 ganzes

94 2659 184 2697 Jeht
206 2661 309 2699 SVS.
359 2663 424 2699 Die
447 2663 668 2708 Zeitanssabe
692 2664 781 2699 fehlt
806 2664 868 2706 Su,
892 2664 948 2706 Se,
974 2664 1053 2707 LE,
1077 2664 1151 2699 ΒΝ.
