<?xml version="1.0" encoding="UTF-8"?>
<!DOCTYPE html PUBLIC "-//W3C//DTD XHTML 1.0 Transitional//EN"
    "http://www.w3.org/TR/xhtml1/DTD/xhtml1-transitional.dtd">
<html xmlns="http://www.w3.org/1999/xhtml" xml:lang="en" lang="en">
 <head>
  <title>
</title>
<meta http-equiv="Content-Type" content="text/html;charset=utf-8" />
  <meta name='ocr-system' content='tesseract 3.04.00' />
  <meta name='ocr-capabilities' content='ocr_page ocr_carea ocr_par ocr_line ocrx_word'/>
</head>
<body>
  <div class='ocr_page' id='page_1' title='image "./historiaseptemsa01hilkuoft_0037.png"; bbox 0 0 1742 3080; ppageno 0'>
   <div class='ocr_carea' id='block_1_1' title="bbox 682 193 916 230">
    <p class='ocr_par' dir='ltr' id='par_1_1' title="bbox 682 193 916 230">
     <span class='ocr_line' id='line_1_1' title="bbox 682 193 916 230; baseline 0.004 -11"><span class='ocrx_word' id='word_1_1' title='bbox 682 193 916 230; x_wconf 83' lang='grc'><strong>-9-</strong></span> 
     </span>
    </p>
   </div>
   <div class='ocr_carea' id='block_1_2' title="bbox 83 312 1579 781">
    <p class='ocr_par' dir='ltr' id='par_1_2' title="bbox 83 312 1579 781">
     <span class='ocr_line' id='line_1_2' title="bbox 85 312 1507 368; baseline 0.001 -13"><span class='ocrx_word' id='word_1_2' title='bbox 85 314 226 366; x_wconf 75' lang='lat' dir='ltr'><strong>singuli</strong></span> <span class='ocrx_word' id='word_1_3' title='bbox 258 314 452 355; x_wconf 73' lang='lat' dir='ltr'><strong>babentes</strong></span> <span class='ocrx_word' id='word_1_4' title='bbox 485 312 591 354; x_wconf 78' lang='lat' dir='ltr'><strong>diem</strong></span> <span class='ocrx_word' id='word_1_5' title='bbox 628 326 741 355; x_wconf 72' lang='lat' dir='ltr'><strong>suam</strong></span> <span class='ocrx_word' id='word_1_6' title='bbox 770 326 894 365; x_wconf 84' lang='lat' dir='ltr'><strong>usque</strong></span> <span class='ocrx_word' id='word_1_7' title='bbox 919 314 968 355; x_wconf 77' lang='lat' dir='ltr'><strong>ad</strong></span> <span class='ocrx_word' id='word_1_8' title='bbox 996 319 1144 367; x_wconf 81' lang='lat' dir='ltr'>septem</span> <span class='ocrx_word' id='word_1_9' title='bbox 1171 315 1265 362; x_wconf 88' lang='lat' dir='ltr'><strong>dies,</strong></span> <span class='ocrx_word' id='word_1_10' title='bbox 1293 321 1332 355; x_wconf 89' lang='lat' dir='ltr'><strong>et</strong></span> <span class='ocrx_word' id='word_1_11' title='bbox 1358 316 1391 356; x_wconf 82' lang='lat' dir='ltr'><strong>si</strong></span> <span class='ocrx_word' id='word_1_12' title='bbox 1420 321 1507 368; x_wconf 85' lang='lat' dir='ltr'><strong>post</strong></span> 
     </span>
     <span class='ocr_line' id='line_1_3' title="bbox 86 372 1505 425; baseline 0.001 -12"><span class='ocrx_word' id='word_1_13' title='bbox 86 378 235 425; x_wconf 81' lang='lat' dir='ltr'><strong>septem</strong></span> <span class='ocrx_word' id='word_1_14' title='bbox 263 373 345 414; x_wconf 86' lang='lat' dir='ltr'><strong>dies</strong></span> <span class='ocrx_word' id='word_1_15' title='bbox 373 372 605 413; x_wconf 77' lang='lat' dir='ltr'><strong>interfecerit</strong></span> <span class='ocrx_word' id='word_1_16' title='bbox 633 385 737 421; x_wconf 88' lang='lat' dir='ltr'><strong>eum,</strong></span> <span class='ocrx_word' id='word_1_17' title='bbox 766 385 838 413; x_wconf 86' lang='lat' dir='ltr'><strong>nos</strong></span> <span class='ocrx_word' id='word_1_18' title='bbox 861 372 1006 413; x_wconf 85' lang='lat' dir='ltr'><strong>erimus</strong></span> <span class='ocrx_word' id='word_1_19' title='bbox 1025 373 1264 414; x_wconf 85' lang='lat' dir='ltr'><strong>innocentes.</strong></span> <span class='ocrx_word' id='word_1_20' title='bbox 1305 374 1353 415; x_wconf 83' lang='lat' dir='ltr'><strong>Et</strong></span> <span class='ocrx_word' id='word_1_21' title='bbox 1371 375 1505 415; x_wconf 83' lang='lat' dir='ltr'><strong>ambu-</strong></span> 
     </span>
     <span class='ocr_line' id='line_1_4' title="bbox 83 431 1506 485; baseline 0 -11"><span class='ocrx_word' id='word_1_22' title='bbox 83 433 266 474; x_wconf 72' lang='lat' dir='ltr'><strong>lauerunt</strong></span> <span class='ocrx_word' id='word_1_23' title='bbox 291 445 360 473; x_wconf 85' lang='lat' dir='ltr'><strong>sex</strong></span> <span class='ocrx_word' id='word_1_24' title='bbox 389 432 440 473; x_wconf 79' lang='lat' dir='ltr'><strong>ad</strong></span> <span class='ocrx_word' id='word_1_25' title='bbox 466 431 711 472; x_wconf 75' lang='lat' dir='ltr'><strong>liberandum</strong></span> <span class='ocrx_word' id='word_1_26' title='bbox 739 444 830 472; x_wconf 89' lang='lat' dir='ltr'><strong>eum</strong></span> <span class='ocrx_word' id='word_1_27' title='bbox 855 432 904 472; x_wconf 93' lang='lat' dir='ltr'><strong>de</strong></span> <span class='ocrx_word' id='word_1_28' title='bbox 930 432 1113 473; x_wconf 78' lang='lat' dir='ltr'><strong>manibus</strong></span> <span class='ocrx_word' id='word_1_29' title='bbox 1139 433 1404 485; x_wconf 68' lang='lat' dir='ltr'><strong>gladiatorum.</strong></span> <span class='ocrx_word' id='word_1_30' title='bbox 1458 433 1506 474; x_wconf 73' lang='lat' dir='ltr'><strong>Et</strong></span> 
     </span>
     <span class='ocr_line' id='line_1_5' title="bbox 87 491 1506 544; baseline 0.001 -11"><span class='ocrx_word' id='word_1_31' title='bbox 87 491 275 544; x_wconf 87' lang='lat' dir='ltr'><strong>septimus</strong></span> <span class='ocrx_word' id='word_1_32' title='bbox 308 492 414 532; x_wconf 80' lang='lat' dir='ltr'><strong>venit</strong></span> <span class='ocrx_word' id='word_1_33' title='bbox 448 496 540 532; x_wconf 74' lang='lat' dir='ltr'><strong>ante</strong></span> <span class='ocrx_word' id='word_1_34' title='bbox 580 503 711 542; x_wconf 75' lang='lat' dir='ltr'><strong>regem</strong></span> <span class='ocrx_word' id='word_1_35' title='bbox 747 497 786 531; x_wconf 88' lang='lat' dir='ltr'><strong>et</strong></span> <span class='ocrx_word' id='word_1_36' title='bbox 821 491 930 532; x_wconf 79' lang='lat' dir='ltr'><strong>flexis</strong></span> <span class='ocrx_word' id='word_1_37' title='bbox 961 492 1125 543; x_wconf 78' lang='lat' dir='ltr'><strong>genibus</strong></span> <span class='ocrx_word' id='word_1_38' title='bbox 1151 492 1325 533; x_wconf 74' lang='lat' dir='ltr'><strong>adorauit</strong></span> <span class='ocrx_word' id='word_1_39' title='bbox 1351 506 1440 533; x_wconf 88' lang='lat' dir='ltr'><strong>eum</strong></span> <span class='ocrx_word' id='word_1_40' title='bbox 1468 499 1506 534; x_wconf 89' lang='lat' dir='ltr'><strong>et</strong></span> 
     </span>
     <span class='ocr_line' id='line_1_6' title="bbox 87 550 1579 598; baseline 0.001 -7"><span class='ocrx_word' id='word_1_41' title='bbox 87 551 202 591; x_wconf 83' lang='lat' dir='ltr'>dixit:</span> <span class='ocrx_word' id='word_1_42' title='bbox 248 551 414 591; x_wconf 84' lang='lat' dir='ltr'><strong>Domine</strong></span> <span class='ocrx_word' id='word_1_43' title='bbox 441 550 538 598; x_wconf 79' lang='lat' dir='ltr'><strong>Rex,</strong></span> <span class='ocrx_word' id='word_1_44' title='bbox 567 550 715 590; x_wconf 76' lang='lat' dir='ltr'><strong>asculta</strong></span> <span class='ocrx_word' id='word_1_45' title='bbox 742 550 861 591; x_wconf 81' lang='lat' dir='ltr'><strong>uerba</strong></span> <span class='ocrx_word' id='word_1_46' title='bbox 889 550 991 591; x_wconf 82' lang='lat' dir='ltr'><strong>serui</strong></span> <span class='ocrx_word' id='word_1_47' title='bbox 1026 551 1081 591; x_wconf 90' lang='lat' dir='ltr'><strong>tui</strong></span> <span class='ocrx_word' id='word_1_48' title='bbox 1108 557 1146 592; x_wconf 88' lang='lat' dir='ltr'><strong>et</strong></span> <span class='ocrx_word' id='word_1_49' title='bbox 1172 551 1262 591; x_wconf 89' lang='lat' dir='ltr'><strong>iube</strong></span> <span class='ocrx_word' id='word_1_50' title='bbox 1289 565 1367 591; x_wconf 92' lang='lat' dir='ltr'><strong>non</strong></span> <span class='ocrx_word' id='word_1_51' title='bbox 1387 551 1507 592; x_wconf 89' lang='lat' dir='ltr'><strong>occidi</strong></span> <span class='ocrx_word' id='word_1_52' title='bbox 1552 554 1579 593; x_wconf 85' lang='lat'>5</span> 
     </span>
     <span class='ocr_line' id='line_1_7' title="bbox 88 609 1507 661; baseline 0 -10"><span class='ocrx_word' id='word_1_53' title='bbox 88 610 210 651; x_wconf 79' lang='lat' dir='ltr'><strong>tilium</strong></span> <span class='ocrx_word' id='word_1_54' title='bbox 247 616 358 651; x_wconf 90' lang='lat' dir='ltr'><strong>tuum</strong></span> <span class='ocrx_word' id='word_1_55' title='bbox 394 623 484 651; x_wconf 89' lang='lat' dir='ltr'><strong>cum</strong></span> <span class='ocrx_word' id='word_1_56' title='bbox 517 609 776 655; x_wconf 76' lang='lat' dir='ltr'><strong>festinatione,</strong></span> <span class='ocrx_word' id='word_1_57' title='bbox 814 609 998 661; x_wconf 88' lang='lat' dir='ltr'><strong>quoniam</strong></span> <span class='ocrx_word' id='word_1_58' title='bbox 1026 610 1102 650; x_wconf 84' lang='lat' dir='ltr'><strong>eris</strong></span> <span class='ocrx_word' id='word_1_59' title='bbox 1128 611 1287 650; x_wconf 79' lang='lat' dir='ltr'><strong>orbatus</strong></span> <span class='ocrx_word' id='word_1_60' title='bbox 1314 616 1354 650; x_wconf 92' lang='lat' dir='ltr'><strong>ut</strong></span> <span class='ocrx_word' id='word_1_61' title='bbox 1383 616 1507 651; x_wconf 86' lang='lat' dir='ltr'><strong>turtur</strong></span> 
     </span>
     <span class='ocr_line' id='line_1_8' title="bbox 87 669 1505 722; baseline 0 -12"><span class='ocrx_word' id='word_1_62' title='bbox 87 675 127 711; x_wconf 85' lang='lat' dir='ltr'><strong>et</strong></span> <span class='ocrx_word' id='word_1_63' title='bbox 167 669 352 722; x_wconf 81' lang='lat' dir='ltr'><strong>penitebit</strong></span> <span class='ocrx_word' id='word_1_64' title='bbox 395 675 433 709; x_wconf 90' lang='lat' dir='ltr'><strong>te</strong></span> <span class='ocrx_word' id='word_1_65' title='bbox 472 674 510 709; x_wconf 88' lang='lat' dir='ltr'><strong>et</strong></span> <span class='ocrx_word' id='word_1_66' title='bbox 547 669 698 709; x_wconf 88' lang='lat' dir='ltr'><strong>dolebis</strong></span> <span class='ocrx_word' id='word_1_67' title='bbox 735 669 909 720; x_wconf 84' lang='lat' dir='ltr'><strong>nihilque</strong></span> <span class='ocrx_word' id='word_1_68' title='bbox 956 669 1103 709; x_wconf 83' lang='lat' dir='ltr'><strong>iuuabit</strong></span> <span class='ocrx_word' id='word_1_69' title='bbox 1141 675 1177 709; x_wconf 86' lang='lat' dir='ltr'><strong>te</strong></span> <span class='ocrx_word' id='word_1_70' title='bbox 1222 675 1260 709; x_wconf 82' lang='lat' dir='ltr'><strong>vt</strong></span> <span class='ocrx_word' id='word_1_71' title='bbox 1305 675 1505 710; x_wconf 86' lang='lat' dir='ltr'><strong>turturem.</strong></span> 
     </span>
     <span class='ocr_line' id='line_1_9' title="bbox 89 726 1554 781; baseline -0.001 -11"><span class='ocrx_word' id='word_1_72' title='bbox 89 729 271 781; x_wconf 86' lang='lat' dir='ltr'><strong>Dixitque</strong></span> <span class='ocrx_word' id='word_1_73' title='bbox 298 729 404 769; x_wconf 85' lang='lat' dir='ltr'><strong>Rex:</strong></span> <span class='ocrx_word' id='word_1_74' title='bbox 440 728 647 777; x_wconf 89' lang='lat' dir='ltr'><strong>Quomodo</strong></span> <span class='ocrx_word' id='word_1_75' title='bbox 674 728 771 768; x_wconf 75' lang='lat' dir='ltr'><strong>fuit?</strong></span> <span class='ocrx_word' id='word_1_76' title='bbox 826 728 928 768; x_wconf 85' lang='lat' dir='ltr'><strong>Dixit</strong></span> <span class='ocrx_word' id='word_1_77' title='bbox 954 728 1127 780; x_wconf 87' lang='lat' dir='ltr'><strong>sapiens:</strong></span> <span class='ocrx_word' id='word_1_78' title='bbox 1541 726 1554 741; x_wconf 80' lang='grc'><strong>“</strong></span> 
     </span>
    </p>
   </div>
   <div class='ocr_carea' id='block_1_3' title="bbox 180 833 1418 894">
    <p class='ocr_par' dir='ltr' id='par_1_3' title="bbox 180 833 1418 894">
     <span class='ocr_line' id='line_1_10' title="bbox 180 833 1418 894; baseline 0.002 -15"><span class='ocrx_word' id='word_1_79' title='bbox 180 835 234 894; x_wconf 77' lang='lat'><strong>[4.</strong></span> <span class='ocrx_word' id='word_1_80' title='bbox 267 839 462 881; x_wconf 73' lang='lat' dir='ltr'><strong>Secundi</strong></span> <span class='ocrx_word' id='word_1_81' title='bbox 493 839 711 891; x_wconf 72' lang='lat' dir='ltr'><strong>sapientis</strong></span> <span class='ocrx_word' id='word_1_82' title='bbox 741 839 885 890; x_wconf 74' lang='lat' dir='ltr'><strong>prima</strong></span> <span class='ocrx_word' id='word_1_83' title='bbox 913 839 1123 880; x_wconf 75' lang='lat' dir='ltr'><strong>historia:</strong></span> <span class='ocrx_word' id='word_1_84' title='bbox 1154 833 1418 892; x_wconf 71' lang='lat' dir='ltr'><strong>Turtures-l</strong></span> 
     </span>
    </p>
   </div>
   <div class='ocr_carea' id='block_1_4' title="bbox 81 910 1653 1911">
    <p class='ocr_par' dir='ltr' id='par_1_4' title="bbox 81 910 1653 1911">
     <span class='ocr_line' id='line_1_11' title="bbox 89 910 1509 1001; baseline -0.001 -43"><span class='ocrx_word' id='word_1_85' title='bbox 89 910 205 1001; x_wconf 83' lang='lat' dir='ltr'><strong>Dvo</strong></span> <span class='ocrx_word' id='word_1_86' title='bbox 232 917 437 967; x_wconf 86' lang='lat' dir='ltr'><strong>turtures‚¹</strong></span> <span class='ocrx_word' id='word_1_87' title='bbox 464 919 664 958; x_wconf 87' lang='lat' dir='ltr'><strong>masculus</strong></span> <span class='ocrx_word' id='word_1_88' title='bbox 692 923 730 958; x_wconf 89' lang='lat' dir='ltr'><strong>et</strong></span> <span class='ocrx_word' id='word_1_89' title='bbox 758 918 913 965; x_wconf 71' lang='lat' dir='ltr'><strong>femina,</strong></span> <span class='ocrx_word' id='word_1_90' title='bbox 947 922 1279 968; x_wconf 75' lang='lat' dir='ltr'><strong>congregauerunt</strong></span> <span class='ocrx_word' id='word_1_91' title='bbox 1305 930 1426 968; x_wconf 83' lang='lat' dir='ltr'><strong>grana</strong></span> <span class='ocrx_word' id='word_1_92' title='bbox 1451 929 1509 956; x_wconf 88' lang='lat' dir='ltr'><strong>es-</strong></span> 
     </span>
     <span class='ocr_line' id='line_1_12' title="bbox 184 975 1580 1030; baseline -0.001 -12"><span class='ocrx_word' id='word_1_93' title='bbox 184 978 264 1018; x_wconf 90' lang='lat' dir='ltr'><strong>tiuo</strong></span> <span class='ocrx_word' id='word_1_94' title='bbox 293 982 467 1030; x_wconf 86' lang='lat' dir='ltr'><strong>tempore</strong></span> <span class='ocrx_word' id='word_1_95' title='bbox 493 982 531 1018; x_wconf 92' lang='lat' dir='ltr'><strong>et</strong></span> <span class='ocrx_word' id='word_1_96' title='bbox 564 978 812 1029; x_wconf 90' lang='lat' dir='ltr'><strong>inpleuerunt</strong></span> <span class='ocrx_word' id='word_1_97' title='bbox 840 975 1035 1017; x_wconf 68' lang='lat' dir='ltr'><strong>nidum*</strong></span> <span class='ocrx_word' id='word_1_98' title='bbox 1089 976 1268 1028; x_wconf 86' lang='lat' dir='ltr'><strong>Dixitque</strong></span> <span class='ocrx_word' id='word_1_99' title='bbox 1296 976 1352 1015; x_wconf 87' lang='lat' dir='ltr'><strong>vir</strong></span> <span class='ocrx_word' id='word_1_100' title='bbox 1379 976 1505 1015; x_wconf 86' lang='lat' dir='ltr'><strong>vxori:</strong></span> <span class='ocrx_word' id='word_1_101' title='bbox 1530 978 1580 1017; x_wconf 92' lang='lat'><strong>10</strong></span> 
     </span>
     <span class='ocr_line' id='line_1_13' title="bbox 90 1036 1507 1089; baseline -0.001 -12"><span class='ocrx_word' id='word_1_102' title='bbox 90 1036 199 1077; x_wconf 78' lang='lat' dir='ltr'><strong>Caue</strong></span> <span class='ocrx_word' id='word_1_103' title='bbox 238 1050 290 1077; x_wconf 92' lang='lat' dir='ltr'><strong>ne</strong></span> <span class='ocrx_word' id='word_1_104' title='bbox 326 1042 464 1089; x_wconf 81' lang='lat' dir='ltr'><strong>tangas</strong></span> <span class='ocrx_word' id='word_1_105' title='bbox 504 1037 578 1077; x_wconf 83' lang='lat' dir='ltr'><strong>hec</strong></span> <span class='ocrx_word' id='word_1_106' title='bbox 613 1050 747 1088; x_wconf 79' lang='lat' dir='ltr'><strong>grana,</strong></span> <span class='ocrx_word' id='word_1_107' title='bbox 784 1036 971 1088; x_wconf 85' lang='lat' dir='ltr'><strong>quoniam</strong></span> <span class='ocrx_word' id='word_1_108' title='bbox 1006 1036 1046 1075; x_wconf 88' lang='lat' dir='ltr'><strong>in</strong></span> <span class='ocrx_word' id='word_1_109' title='bbox 1082 1049 1204 1087; x_wconf 84' lang='lat' dir='ltr'><strong>yeme,</strong></span> <span class='ocrx_word' id='word_1_110' title='bbox 1245 1036 1401 1086; x_wconf 86' lang='lat' dir='ltr'><strong>quando</strong></span> <span class='ocrx_word' id='word_1_111' title='bbox 1429 1048 1507 1075; x_wconf 91' lang='lat' dir='ltr'><strong>non</strong></span> 
     </span>
     <span class='ocr_line' id='line_1_14' title="bbox 90 1094 1508 1148; baseline -0.002 -12"><span class='ocrx_word' id='word_1_112' title='bbox 90 1097 303 1148; x_wconf 82' lang='lat' dir='ltr'><strong>poterimus</strong></span> <span class='ocrx_word' id='word_1_113' title='bbox 344 1096 519 1137; x_wconf 83' lang='lat' dir='ltr'><strong>invenire</strong></span> <span class='ocrx_word' id='word_1_114' title='bbox 559 1096 672 1144; x_wconf 78' lang='lat' dir='ltr'><strong>foris,</strong></span> <span class='ocrx_word' id='word_1_115' title='bbox 714 1097 963 1136; x_wconf 86' lang='lat' dir='ltr'><strong>comedemus</strong></span> <span class='ocrx_word' id='word_1_116' title='bbox 1003 1095 1076 1135; x_wconf 83' lang='lat' dir='ltr'><strong>illa.</strong></span> <span class='ocrx_word' id='word_1_117' title='bbox 1132 1094 1310 1146; x_wconf 88' lang='lat' dir='ltr'><strong>Dixitque</strong></span> <span class='ocrx_word' id='word_1_118' title='bbox 1346 1094 1508 1134; x_wconf 80' lang='lat' dir='ltr'><strong>femina:</strong></span> 
     </span>
     <span class='ocr_line' id='line_1_15' title="bbox 90 1154 1511 1207; baseline -0.002 -11"><span class='ocrx_word' id='word_1_119' title='bbox 90 1156 287 1196; x_wconf 86' lang='lat' dir='ltr'><strong>Libenter.</strong></span> <span class='ocrx_word' id='word_1_120' title='bbox 342 1155 590 1196; x_wconf 83' lang='lat' dir='ltr'><strong>Adueniente</strong></span> <span class='ocrx_word' id='word_1_121' title='bbox 617 1161 747 1195; x_wconf 89' lang='lat' dir='ltr'><strong>autem</strong></span> <span class='ocrx_word' id='word_1_122' title='bbox 775 1156 967 1207; x_wconf 80' lang='lat' dir='ltr'><strong>profunda</strong></span> <span class='ocrx_word' id='word_1_123' title='bbox 993 1160 1113 1195; x_wconf 71' lang='lat' dir='ltr'><strong>aetate</strong></span> <span class='ocrx_word' id='word_1_124' title='bbox 1140 1168 1261 1206; x_wconf 81' lang='lat' dir='ltr'><strong>grana</strong></span> <span class='ocrx_word' id='word_1_125' title='bbox 1287 1154 1383 1194; x_wconf 81' lang='lat' dir='ltr'><strong>adeo</strong></span> <span class='ocrx_word' id='word_1_126' title='bbox 1410 1154 1511 1193; x_wconf 85' lang='lat' dir='ltr'><strong>sicca</strong></span> 
     </span>
     <span class='ocr_line' id='line_1_16' title="bbox 81 1212 1510 1282; baseline -0.001 -28"><span class='ocrx_word' id='word_1_127' title='bbox 81 1215 229 1282; x_wconf 60' lang='lat' dir='ltr'><strong>⁸[faeta]</strong></span> <span class='ocrx_word' id='word_1_128' title='bbox 256 1220 350 1255; x_wconf 87' lang='lat' dir='ltr'><strong>sunt</strong></span> <span class='ocrx_word' id='word_1_129' title='bbox 377 1215 418 1255; x_wconf 90' lang='lat' dir='ltr'><strong>in</strong></span> <span class='ocrx_word' id='word_1_130' title='bbox 446 1215 539 1255; x_wconf 89' lang='lat' dir='ltr'><strong>nido</strong></span> <span class='ocrx_word' id='word_1_131' title='bbox 558 1216 662 1266; x_wconf 87' lang='lat' dir='ltr'><strong>quod</strong></span> <span class='ocrx_word' id='word_1_132' title='bbox 680 1215 921 1255; x_wconf 87' lang='lat' dir='ltr'><strong>deuenerunt</strong></span> <span class='ocrx_word' id='word_1_133' title='bbox 943 1215 993 1254; x_wconf 89' lang='lat' dir='ltr'><strong>ad</strong></span> <span class='ocrx_word' id='word_1_134' title='bbox 1011 1215 1179 1254; x_wconf 77' lang='lat' dir='ltr'><strong>mediam</strong></span> <span class='ocrx_word' id='word_1_135' title='bbox 1199 1219 1359 1266; x_wconf 84' lang='lat' dir='ltr'><strong>partem.</strong></span> <span class='ocrx_word' id='word_1_136' title='bbox 1398 1212 1510 1252; x_wconf 88' lang='lat' dir='ltr'><strong>Tunc</strong></span> 
     </span>
     <span class='ocr_line' id='line_1_17' title="bbox 91 1272 1579 1325; baseline -0.003 -10"><span class='ocrx_word' id='word_1_137' title='bbox 91 1274 187 1314; x_wconf 84' lang='lat' dir='ltr'><strong>dixit</strong></span> <span class='ocrx_word' id='word_1_138' title='bbox 211 1275 411 1315; x_wconf 71' lang='lat' dir='ltr'><strong>masculus</strong></span> <span class='ocrx_word' id='word_1_139' title='bbox 439 1274 601 1314; x_wconf 82' lang='lat' dir='ltr'><strong>femine:</strong></span> <span class='ocrx_word' id='word_1_140' title='bbox 646 1274 788 1314; x_wconf 91' lang='lat' dir='ltr'><strong>Nonne</strong></span> <span class='ocrx_word' id='word_1_141' title='bbox 815 1287 886 1325; x_wconf 83' lang='lat' dir='ltr'><strong>ego</strong></span> <span class='ocrx_word' id='word_1_142' title='bbox 913 1273 991 1313; x_wconf 83' lang='lat' dir='ltr'><strong>dixi</strong></span> <span class='ocrx_word' id='word_1_143' title='bbox 1019 1274 1106 1313; x_wconf 87' lang='lat' dir='ltr'><strong>tibi:</strong></span> <span class='ocrx_word' id='word_1_144' title='bbox 1145 1286 1194 1313; x_wconf 91' lang='lat' dir='ltr'><strong>ne</strong></span> <span class='ocrx_word' id='word_1_145' title='bbox 1214 1279 1349 1324; x_wconf 80' lang='lat' dir='ltr'><strong>tangas</strong></span> <span class='ocrx_word' id='word_1_146' title='bbox 1368 1272 1509 1312; x_wconf 85' lang='lat' dir='ltr'><strong>victum</strong></span> <span class='ocrx_word' id='word_1_147' title='bbox 1532 1272 1579 1311; x_wconf 90' lang='lat'><strong>15</strong></span> 
     </span>
     <span class='ocr_line' id='line_1_18' title="bbox 91 1324 1653 1386; baseline -0.003 -12"><span class='ocrx_word' id='word_1_148' title='bbox 91 1334 134 1374; x_wconf 89' lang='lat' dir='ltr'><strong>in</strong></span> <span class='ocrx_word' id='word_1_149' title='bbox 157 1337 165 1382; x_wconf 93' lang='grc' dir='ltr'>Ι</span> <span class='ocrx_word' id='word_1_150' title='bbox 187 1337 335 1374; x_wconf 78' lang='lat' dir='ltr'><strong>estate?</strong></span> <span class='ocrx_word' id='word_1_151' title='bbox 389 1333 437 1374; x_wconf 85' lang='lat' dir='ltr'><strong>Et</strong></span> <span class='ocrx_word' id='word_1_152' title='bbox 472 1347 566 1374; x_wconf 89' lang='lat' dir='ltr'><strong>mox</strong></span> <span class='ocrx_word' id='word_1_153' title='bbox 603 1333 703 1386; x_wconf 86' lang='lat' dir='ltr'><strong>cepit</strong></span> <span class='ocrx_word' id='word_1_154' title='bbox 740 1346 826 1373; x_wconf 84' lang='lat' dir='ltr'><strong>eam</strong></span> <span class='ocrx_word' id='word_1_155' title='bbox 853 1339 1052 1385; x_wconf 86' lang='lat' dir='ltr'><strong>percutere</strong></span> <span class='ocrx_word' id='word_1_156' title='bbox 1079 1333 1149 1372; x_wconf 87' lang='lat' dir='ltr'><strong>alis</strong></span> <span class='ocrx_word' id='word_1_157' title='bbox 1177 1338 1223 1372; x_wconf 90' lang='lat' dir='ltr'><strong>et</strong></span> <span class='ocrx_word' id='word_1_158' title='bbox 1250 1330 1445 1372; x_wconf 78' lang='lat' dir='ltr'><strong>rostro³</strong></span> <span class='ocrx_word' id='word_1_159' title='bbox 1472 1324 1653 1370; x_wconf 76' lang='lat' dir='ltr'><strong>etfl23‘</strong></span> 
     </span>
     <span class='ocr_line' id='line_1_19' title="bbox 92 1391 1510 1444; baseline -0.004 -10"><span class='ocrx_word' id='word_1_160' title='bbox 92 1393 192 1434; x_wconf 80' lang='lat' dir='ltr'><strong>sieut</strong></span> <span class='ocrx_word' id='word_1_161' title='bbox 218 1393 408 1434; x_wconf 81' lang='lat' dir='ltr'><strong>interfecit</strong></span> <span class='ocrx_word' id='word_1_162' title='bbox 435 1406 534 1435; x_wconf 58' lang='lat' dir='ltr'><strong>eam.</strong></span> <span class='ocrx_word' id='word_1_163' title='bbox 590 1392 740 1433; x_wconf 77' lang='lat' dir='ltr'><strong>Yemali</strong></span> <span class='ocrx_word' id='word_1_164' title='bbox 768 1398 898 1433; x_wconf 89' lang='lat' dir='ltr'><strong>autem</strong></span> <span class='ocrx_word' id='word_1_165' title='bbox 926 1398 1098 1444; x_wconf 89' lang='lat' dir='ltr'><strong>tempore</strong></span> <span class='ocrx_word' id='word_1_166' title='bbox 1124 1391 1285 1431; x_wconf 84' lang='lat' dir='ltr'><strong>humida</strong></span> <span class='ocrx_word' id='word_1_167' title='bbox 1305 1392 1402 1431; x_wconf 78' lang='lat' dir='ltr'><strong>facta</strong></span> <span class='ocrx_word' id='word_1_168' title='bbox 1419 1395 1510 1430; x_wconf 91' lang='lat' dir='ltr'><strong>sunt</strong></span> 
     </span>
     <span class='ocr_line' id='line_1_20' title="bbox 94 1450 1512 1507; baseline -0.003 -13"><span class='ocrx_word' id='word_1_169' title='bbox 94 1467 217 1507; x_wconf 75' lang='lat' dir='ltr'><strong>grana</strong></span> <span class='ocrx_word' id='word_1_170' title='bbox 251 1459 289 1494; x_wconf 89' lang='lat' dir='ltr'><strong>et</strong></span> <span class='ocrx_word' id='word_1_171' title='bbox 325 1453 458 1494; x_wconf 84' lang='lat' dir='ltr'><strong>inflata</strong></span> <span class='ocrx_word' id='word_1_172' title='bbox 490 1453 738 1505; x_wconf 88' lang='lat' dir='ltr'><strong>inpleuerunt</strong></span> <span class='ocrx_word' id='word_1_173' title='bbox 775 1453 911 1493; x_wconf 88' lang='lat' dir='ltr'><strong>nidum</strong></span> <span class='ocrx_word' id='word_1_174' title='bbox 947 1453 1045 1492; x_wconf 87' lang='lat' dir='ltr'><strong>sicut</strong></span> <span class='ocrx_word' id='word_1_175' title='bbox 1078 1452 1195 1504; x_wconf 89' lang='lat' dir='ltr'><strong>prius.</strong></span> <span class='ocrx_word' id='word_1_176' title='bbox 1251 1451 1297 1491; x_wconf 85' lang='lat' dir='ltr'><strong>Et</strong></span> <span class='ocrx_word' id='word_1_177' title='bbox 1333 1450 1512 1503; x_wconf 75' lang='lat' dir='ltr'><strong>cogitauit</strong></span> 
     </span>
     <span class='ocr_line' id='line_1_21' title="bbox 94 1510 1512 1565; baseline -0.003 -11"><span class='ocrx_word' id='word_1_178' title='bbox 94 1513 293 1555; x_wconf 73' lang='lat' dir='ltr'><strong>masculus</strong></span> <span class='ocrx_word' id='word_1_179' title='bbox 321 1514 425 1564; x_wconf 89' lang='lat' dir='ltr'><strong>quod</strong></span> <span class='ocrx_word' id='word_1_180' title='bbox 452 1513 572 1565; x_wconf 78' lang='lat' dir='ltr'><strong>gratis</strong></span> <span class='ocrx_word' id='word_1_181' title='bbox 598 1518 637 1553; x_wconf 86' lang='lat' dir='ltr'><strong>et</strong></span> <span class='ocrx_word' id='word_1_182' title='bbox 663 1513 749 1552; x_wconf 88' lang='lat' dir='ltr'><strong>sine</strong></span> <span class='ocrx_word' id='word_1_183' title='bbox 776 1525 895 1553; x_wconf 88' lang='lat' dir='ltr'><strong>causa</strong></span> <span class='ocrx_word' id='word_1_184' title='bbox 921 1512 1163 1552; x_wconf 80' lang='lat' dir='ltr'><strong>interfecerat</strong></span> <span class='ocrx_word' id='word_1_185' title='bbox 1189 1510 1374 1551; x_wconf 84' lang='lat' dir='ltr'><strong>feminam</strong></span> <span class='ocrx_word' id='word_1_186' title='bbox 1400 1523 1512 1550; x_wconf 87' lang='lat' dir='ltr'><strong>suam</strong></span> 
     </span>
     <span class='ocr_line' id='line_1_22' title="bbox 96 1570 1586 1625; baseline -0.001 -12"><span class='ocrx_word' id='word_1_187' title='bbox 96 1578 135 1613; x_wconf 85' lang='lat' dir='ltr'><strong>et</strong></span> <span class='ocrx_word' id='word_1_188' title='bbox 161 1572 325 1625; x_wconf 83' lang='lat' dir='ltr'><strong>penituit</strong></span> <span class='ocrx_word' id='word_1_189' title='bbox 352 1578 390 1612; x_wconf 85' lang='lat' dir='ltr'><strong>et</strong></span> <span class='ocrx_word' id='word_1_190' title='bbox 417 1571 573 1621; x_wconf 82' lang='lat' dir='ltr'><strong>doluit‚⁴</strong></span> <span class='ocrx_word' id='word_1_191' title='bbox 600 1572 783 1623; x_wconf 88' lang='lat' dir='ltr'><strong>quoniam</strong></span> <span class='ocrx_word' id='word_1_192' title='bbox 817 1577 1056 1611; x_wconf 86' lang='lat' dir='ltr'><strong>remanserat</strong></span> <span class='ocrx_word' id='word_1_193' title='bbox 1083 1571 1201 1610; x_wconf 89' lang='lat' dir='ltr'><strong>solus.</strong></span> <span class='ocrx_word' id='word_1_194' title='bbox 1233 1592 1278 1598; x_wconf 89' lang='lat'>—</span> <span class='ocrx_word' id='word_1_195' title='bbox 1310 1570 1366 1610; x_wconf 83' lang='lat' dir='ltr'><strong>lta</strong></span> <span class='ocrx_word' id='word_1_196' title='bbox 1393 1575 1430 1609; x_wconf 93' lang='lat' dir='ltr'><strong>et</strong></span> <span class='ocrx_word' id='word_1_197' title='bbox 1459 1575 1512 1618; x_wconf 90' lang='lat' dir='ltr'><strong>tu,</strong></span> <span class='ocrx_word' id='word_1_198' title='bbox 1532 1572 1586 1611; x_wconf 70' lang='lat'><strong>20</strong></span> 
     </span>
     <span class='ocr_line' id='line_1_23' title="bbox 96 1628 1512 1680; baseline -0.004 -7"><span class='ocrx_word' id='word_1_199' title='bbox 96 1633 254 1673; x_wconf 88' lang='lat' dir='ltr'><strong>domine</strong></span> <span class='ocrx_word' id='word_1_200' title='bbox 280 1632 378 1680; x_wconf 83' lang='lat' dir='ltr'><strong>Rex,</strong></span> <span class='ocrx_word' id='word_1_201' title='bbox 414 1632 543 1672; x_wconf 79' lang='lat' dir='ltr'><strong>videns</strong></span> <span class='ocrx_word' id='word_1_202' title='bbox 577 1645 628 1671; x_wconf 90' lang='lat' dir='ltr'><strong>ne</strong></span> <span class='ocrx_word' id='word_1_203' title='bbox 660 1631 777 1671; x_wconf 78' lang='lat' dir='ltr'><strong>facias</strong></span> <span class='ocrx_word' id='word_1_204' title='bbox 812 1637 856 1671; x_wconf 87' lang='lat' dir='ltr'><strong>ut</strong></span> <span class='ocrx_word' id='word_1_205' title='bbox 890 1636 1028 1678; x_wconf 87' lang='lat' dir='ltr'><strong>turtur,</strong></span> <span class='ocrx_word' id='word_1_206' title='bbox 1063 1643 1135 1670; x_wconf 89' lang='lat' dir='ltr'><strong>nec</strong></span> <span class='ocrx_word' id='word_1_207' title='bbox 1167 1629 1304 1669; x_wconf 88' lang='lat' dir='ltr'><strong>mulier</strong></span> <span class='ocrx_word' id='word_1_208' title='bbox 1332 1628 1436 1669; x_wconf 71' lang='lat' dir='ltr'><strong>saliat</strong></span> <span class='ocrx_word' id='word_1_209' title='bbox 1463 1634 1512 1677; x_wconf 90' lang='lat' dir='ltr'><strong>te,</strong></span> 
     </span>
     <span class='ocr_line' id='line_1_24' title="bbox 97 1689 1515 1743; baseline -0.004 -11"><span class='ocrx_word' id='word_1_210' title='bbox 97 1692 188 1743; x_wconf 77' lang='lat' dir='ltr'><strong>quia</strong></span> <span class='ocrx_word' id='word_1_211' title='bbox 213 1692 309 1732; x_wconf 90' lang='lat' dir='ltr'><strong>dum</strong></span> <span class='ocrx_word' id='word_1_212' title='bbox 335 1692 456 1732; x_wconf 89' lang='lat' dir='ltr'><strong>homo</strong></span> <span class='ocrx_word' id='word_1_213' title='bbox 482 1691 606 1735; x_wconf 86' lang='lat' dir='ltr'><strong>cernit</strong></span> <span class='ocrx_word' id='word_1_214' title='bbox 632 1690 816 1731; x_wconf 78' lang='lat' dir='ltr'><strong>feminam</strong></span> <span class='ocrx_word' id='word_1_215' title='bbox 845 1690 990 1730; x_wconf 90' lang='lat' dir='ltr'><strong>bonam</strong></span> <span class='ocrx_word' id='word_1_216' title='bbox 1018 1696 1055 1729; x_wconf 89' lang='lat' dir='ltr'><strong>et</strong></span> <span class='ocrx_word' id='word_1_217' title='bbox 1082 1694 1240 1737; x_wconf 81' lang='lat' dir='ltr'><strong>castam,</strong></span> <span class='ocrx_word' id='word_1_218' title='bbox 1282 1694 1375 1728; x_wconf 89' lang='lat' dir='ltr'><strong>tunc</strong></span> <span class='ocrx_word' id='word_1_219' title='bbox 1401 1689 1515 1728; x_wconf 87' lang='lat' dir='ltr'><strong>debet</strong></span> 
     </span>
     <span class='ocr_line' id='line_1_25' title="bbox 96 1747 1514 1803; baseline -0.004 -12"><span class='ocrx_word' id='word_1_220' title='bbox 96 1752 220 1803; x_wconf 71' lang='lat' dir='ltr'><strong>magis</strong></span> <span class='ocrx_word' id='word_1_221' title='bbox 247 1751 368 1791; x_wconf 83' lang='lat' dir='ltr'><strong>vitare</strong></span> <span class='ocrx_word' id='word_1_222' title='bbox 394 1751 514 1792; x_wconf 81' lang='lat' dir='ltr'><strong>illam.</strong></span> <span class='ocrx_word' id='word_1_223' title='bbox 568 1750 616 1790; x_wconf 86' lang='lat' dir='ltr'><strong>Et</strong></span> <span class='ocrx_word' id='word_1_224' title='bbox 643 1749 729 1790; x_wconf 80' lang='lat' dir='ltr'><strong>vide</strong></span> <span class='ocrx_word' id='word_1_225' title='bbox 756 1763 807 1789; x_wconf 90' lang='lat' dir='ltr'><strong>ne</strong></span> <span class='ocrx_word' id='word_1_226' title='bbox 833 1749 981 1790; x_wconf 83' lang='lat' dir='ltr'><strong>accidat</strong></span> <span class='ocrx_word' id='word_1_227' title='bbox 1007 1748 1074 1789; x_wconf 90' lang='lat' dir='ltr'><strong>tibi</strong></span> <span class='ocrx_word' id='word_1_228' title='bbox 1102 1748 1264 1800; x_wconf 76' lang='lat' dir='ltr'><strong>qualiter</strong></span> <span class='ocrx_word' id='word_1_229' title='bbox 1282 1747 1412 1788; x_wconf 89' lang='lat' dir='ltr'><strong>euenit</strong></span> <span class='ocrx_word' id='word_1_230' title='bbox 1438 1747 1514 1787; x_wconf 92' lang='lat' dir='ltr'><strong>cui-</strong></span> 
     </span>
     <span class='ocr_line' id='line_1_26' title="bbox 97 1806 1515 1862; baseline -0.005 -10"><span class='ocrx_word' id='word_1_231' title='bbox 97 1812 187 1854; x_wconf 76' lang='lat' dir='ltr'><strong>dam</strong></span> <span class='ocrx_word' id='word_1_232' title='bbox 216 1810 450 1862; x_wconf 75' lang='lat' dir='ltr'><strong>negociatori</strong></span> <span class='ocrx_word' id='word_1_233' title='bbox 477 1811 527 1851; x_wconf 92' lang='lat' dir='ltr'><strong>de</strong></span> <span class='ocrx_word' id='word_1_234' title='bbox 553 1810 718 1861; x_wconf 74' lang='lat' dir='ltr'><strong>coniuge</strong></span> <span class='ocrx_word' id='word_1_235' title='bbox 745 1822 828 1850; x_wconf 87' lang='lat' dir='ltr'><strong>sua.</strong></span> <span class='ocrx_word' id='word_1_236' title='bbox 883 1809 996 1849; x_wconf 86' lang='lat' dir='ltr'><strong>Tunc</strong></span> <span class='ocrx_word' id='word_1_237' title='bbox 1022 1809 1105 1848; x_wconf 91' lang='lat' dir='ltr'><strong>Rex</strong></span> <span class='ocrx_word' id='word_1_238' title='bbox 1134 1808 1203 1848; x_wconf 83' lang='lat' dir='ltr'><strong>ait:</strong></span> <span class='ocrx_word' id='word_1_239' title='bbox 1245 1807 1326 1855; x_wconf 88' lang='lat' dir='ltr'><strong>Dic,</strong></span> <span class='ocrx_word' id='word_1_240' title='bbox 1355 1806 1515 1858; x_wconf 86' lang='lat' dir='ltr'><strong>qualiter</strong></span> 
     </span>
     <span class='ocr_line' id='line_1_27' title="bbox 97 1867 1584 1911; baseline -0.004 0"><span class='ocrx_word' id='word_1_241' title='bbox 97 1870 192 1911; x_wconf 76' lang='lat' dir='ltr'><strong>fuit?</strong></span> <span class='ocrx_word' id='word_1_242' title='bbox 246 1870 312 1910; x_wconf 90' lang='lat' dir='ltr'><strong>Ille</strong></span> <span class='ocrx_word' id='word_1_243' title='bbox 339 1877 471 1910; x_wconf 84' lang='lat' dir='ltr'><strong>autern</strong></span> <span class='ocrx_word' id='word_1_244' title='bbox 498 1869 611 1910; x_wconf 86' lang='lat' dir='ltr'><strong>dixit:</strong></span> <span class='ocrx_word' id='word_1_245' title='bbox 1531 1867 1584 1906; x_wconf 77' lang='lat'><strong>25</strong></span> 
     </span>
    </p>
   </div>
   <div class='ocr_carea' id='block_1_5' title="bbox 187 1970 1411 2034">
    <p class='ocr_par' dir='ltr' id='par_1_5' title="bbox 187 1970 1411 2034">
     <span class='ocr_line' id='line_1_28' title="bbox 187 1970 1411 2034; baseline -0.007 -11"><span class='ocrx_word' id='word_1_246' title='bbox 187 1977 245 2034; x_wconf 86' lang='lat'><strong>[5.</strong></span> <span class='ocrx_word' id='word_1_247' title='bbox 276 1980 469 2023; x_wconf 80' lang='lat' dir='ltr'><strong>Secundi</strong></span> <span class='ocrx_word' id='word_1_248' title='bbox 498 1980 719 2032; x_wconf 70' lang='lat' dir='ltr'><strong>sapientis</strong></span> <span class='ocrx_word' id='word_1_249' title='bbox 749 1979 941 2020; x_wconf 67' lang='lat' dir='ltr'><strong>monada</strong></span> <span class='ocrx_word' id='word_1_250' title='bbox 969 1977 1182 2018; x_wconf 75' lang='lat' dir='ltr'><strong>historia:</strong></span> <span class='ocrx_word' id='word_1_251' title='bbox 1213 1970 1411 2029; x_wconf 57' lang='lat' dir='ltr'><strong>catum]</strong></span> 
     </span>
    </p>
   </div>
   <div class='ocr_carea' id='block_1_6' title="bbox 96 2054 1590 2291">
    <p class='ocr_par' dir='ltr' id='par_1_6' title="bbox 96 2054 1590 2291">
     <span class='ocr_line' id='line_1_29' title="bbox 96 2054 1512 2145; baseline -0.006 -43"><span class='ocrx_word' id='word_1_252' title='bbox 96 2054 211 2145; x_wconf 76' lang='lat' dir='ltr'><strong>Fvit</strong></span> <span class='ocrx_word' id='word_1_253' title='bbox 237 2060 395 2113; x_wconf 83' lang='lat' dir='ltr'><strong>quidam</strong></span> <span class='ocrx_word' id='word_1_254' title='bbox 422 2058 649 2108; x_wconf 61' lang='lat' dir='ltr'><strong>mercator-,⁸</strong></span> <span class='ocrx_word' id='word_1_255' title='bbox 676 2058 742 2110; x_wconf 92' lang='lat' dir='ltr'><strong>qui</strong></span> <span class='ocrx_word' id='word_1_256' title='bbox 768 2058 937 2099; x_wconf 85' lang='lat' dir='ltr'><strong>habebat</strong></span> <span class='ocrx_word' id='word_1_257' title='bbox 962 2070 1124 2097; x_wconf 88' lang='lat' dir='ltr'><strong>uxorem</strong></span> <span class='ocrx_word' id='word_1_258' title='bbox 1147 2057 1292 2096; x_wconf 87' lang='lat' dir='ltr'><strong>bonam</strong></span> <span class='ocrx_word' id='word_1_259' title='bbox 1310 2060 1349 2095; x_wconf 89' lang='lat' dir='ltr'><strong>et</strong></span> <span class='ocrx_word' id='word_1_260' title='bbox 1366 2059 1512 2095; x_wconf 82' lang='lat' dir='ltr'><strong>castam</strong></span> 
     </span>
     <span class='ocr_line' id='line_1_30' title="bbox 184 2113 1517 2173; baseline -0.007 -12"><span class='ocrx_word' id='word_1_261' title='bbox 184 2133 302 2173; x_wconf 76' lang='lat' dir='ltr'><strong>quam</strong></span> <span class='ocrx_word' id='word_1_262' title='bbox 340 2120 521 2172; x_wconf 79' lang='lat' dir='ltr'><strong>diligebat</strong></span> <span class='ocrx_word' id='word_1_263' title='bbox 553 2119 675 2159; x_wconf 85' lang='lat' dir='ltr'><strong>valde.</strong></span> <span class='ocrx_word' id='word_1_264' title='bbox 730 2118 875 2159; x_wconf 87' lang='lat' dir='ltr'><strong>Volens</strong></span> <span class='ocrx_word' id='word_1_265' title='bbox 922 2117 1049 2168; x_wconf 83' lang='lat' dir='ltr'><strong>itaque</strong></span> <span class='ocrx_word' id='word_1_266' title='bbox 1096 2114 1290 2156; x_wconf 89' lang='lat' dir='ltr'><strong>remocius</strong></span> <span class='ocrx_word' id='word_1_267' title='bbox 1330 2114 1384 2153; x_wconf 88' lang='lat' dir='ltr'><strong>ire</strong></span> <span class='ocrx_word' id='word_1_268' title='bbox 1422 2113 1517 2153; x_wconf 85' lang='lat' dir='ltr'><strong>dixit</strong></span> 
     </span>
     <span class='ocr_line' id='line_1_31' title="bbox 98 2173 1514 2230; baseline -0.007 -9"><span class='ocrx_word' id='word_1_269' title='bbox 98 2180 208 2221; x_wconf 81' lang='lat' dir='ltr'><strong>vxori</strong></span> <span class='ocrx_word' id='word_1_270' title='bbox 235 2193 325 2220; x_wconf 89' lang='lat' dir='ltr'><strong>sue:</strong></span> <span class='ocrx_word' id='word_1_271' title='bbox 353 2179 387 2220; x_wconf 93' lang='grc' dir='ltr'><strong>Ο</strong></span> <span class='ocrx_word' id='word_1_272' title='bbox 415 2193 505 2220; x_wconf 86' lang='lat' dir='ltr'><strong>cara</strong></span> <span class='ocrx_word' id='word_1_273' title='bbox 531 2192 638 2227; x_wconf 87' lang='lat' dir='ltr'><strong>vxor,</strong></span> <span class='ocrx_word' id='word_1_274' title='bbox 666 2191 738 2230; x_wconf 79' lang='lat' dir='ltr'><strong>ego</strong></span> <span class='ocrx_word' id='word_1_275' title='bbox 766 2178 855 2218; x_wconf 93' lang='lat' dir='ltr'><strong>uolo</strong></span> <span class='ocrx_word' id='word_1_276' title='bbox 882 2176 1030 2228; x_wconf 85' lang='lat' dir='ltr'><strong>aripere</strong></span> <span class='ocrx_word' id='word_1_277' title='bbox 1058 2176 1216 2226; x_wconf 80' lang='lat' dir='ltr'><strong>longum</strong></span> <span class='ocrx_word' id='word_1_278' title='bbox 1236 2174 1318 2213; x_wconf 90' lang='lat' dir='ltr'><strong>iter.</strong></span> <span class='ocrx_word' id='word_1_279' title='bbox 1361 2173 1514 2219; x_wconf 89' lang='lat' dir='ltr'><strong>Precor,</strong></span> 
     </span>
     <span class='ocr_line' id='line_1_32' title="bbox 98 2230 1590 2291; baseline -0.007 -10"><span class='ocrx_word' id='word_1_280' title='bbox 98 2240 185 2280; x_wconf 84' lang='lat' dir='ltr'><strong>iura</strong></span> <span class='ocrx_word' id='word_1_281' title='bbox 219 2239 316 2280; x_wconf 85' lang='lat' dir='ltr'><strong>mihi</strong></span> <span class='ocrx_word' id='word_1_282' title='bbox 351 2240 468 2291; x_wconf 86' lang='lat' dir='ltr'><strong>quod,</strong></span> <span class='ocrx_word' id='word_1_283' title='bbox 504 2239 538 2279; x_wconf 89' lang='lat' dir='ltr'><strong>si</strong></span> <span class='ocrx_word' id='word_1_284' title='bbox 572 2238 728 2286; x_wconf 84' lang='lat' dir='ltr'><strong>moriar,</strong></span> <span class='ocrx_word' id='word_1_285' title='bbox 765 2243 807 2277; x_wconf 91' lang='lat' dir='ltr'><strong>tu</strong></span> <span class='ocrx_word' id='word_1_286' title='bbox 842 2250 921 2276; x_wconf 90' lang='lat' dir='ltr'><strong>non</strong></span> <span class='ocrx_word' id='word_1_287' title='bbox 959 2247 1099 2287; x_wconf 84' lang='lat' dir='ltr'><strong>queras</strong></span> <span class='ocrx_word' id='word_1_288' title='bbox 1134 2234 1301 2275; x_wconf 73' lang='lat' dir='ltr'><strong>ncubare</strong></span> <span class='ocrx_word' id='word_1_289' title='bbox 1327 2244 1416 2272; x_wconf 90' lang='lat' dir='ltr'><strong>cum</strong></span> <span class='ocrx_word' id='word_1_290' title='bbox 1441 2230 1515 2270; x_wconf 83' lang='lat' dir='ltr'><strong>alio</strong></span> <span class='ocrx_word' id='word_1_291' title='bbox 1533 2239 1590 2278; x_wconf 88' lang='lat'><strong>30</strong></span> 
     </span>
    </p>
   </div>
   <div class='ocr_carea' id='block_1_7' title="bbox 192 2327 862 2372">
    <p class='ocr_par' dir='ltr' id='par_1_7' title="bbox 192 2327 862 2372">
     <span class='ocr_line' id='line_1_33' title="bbox 192 2327 862 2372; baseline -0.006 -7"><span class='ocrx_word' id='word_1_292' title='bbox 192 2329 230 2365; x_wconf 90' lang='lat' dir='ltr'><strong>Z.</strong></span> <span class='ocrx_word' id='word_1_293' title='bbox 258 2329 304 2365; x_wconf 80' lang='lat'><strong>14</strong></span> <span class='ocrx_word' id='word_1_294' title='bbox 327 2330 422 2365; x_wconf 73' lang='lat' dir='ltr'><strong>facta</strong></span> <span class='ocrx_word' id='word_1_295' title='bbox 446 2328 546 2364; x_wconf 72' lang='lat' dir='ltr'><strong>fehlt.</strong></span> <span class='ocrx_word' id='word_1_296' title='bbox 572 2348 618 2354; x_wconf 89' lang='lat'><em>-</em></span> <span class='ocrx_word' id='word_1_297' title='bbox 641 2327 689 2362; x_wconf 71' lang='lat'><strong>29</strong></span> <span class='ocrx_word' id='word_1_298' title='bbox 713 2327 862 2372; x_wconf 89' lang='lat' dir='ltr'><strong>eripere.</strong></span> 
     </span>
    </p>
   </div>
   <div class='ocr_carea' id='block_1_8' title="bbox 101 2404 1520 2722">
    <p class='ocr_par' dir='ltr' id='par_1_8' title="bbox 101 2404 1520 2722">
     <span class='ocr_line' id='line_1_34' title="bbox 201 2404 1516 2455; baseline -0.01 -5"><span class='ocrx_word' id='word_1_299' title='bbox 201 2412 214 2434; x_wconf 85' lang='lat'><strong>¹</strong></span> <span class='ocrx_word' id='word_1_300' title='bbox 237 2412 462 2449; x_wconf 77' lang='lat' dir='ltr'><strong>Rehhnhner</strong></span> <span class='ocrx_word' id='word_1_301' title='bbox 491 2412 558 2447; x_wconf 82' lang='lat' dir='ltr'><strong>SN</strong></span> <span class='ocrx_word' id='word_1_302' title='bbox 589 2411 708 2455; x_wconf 79' lang='lat' dir='ltr'><strong>(lange</strong></span> <span class='ocrx_word' id='word_1_303' title='bbox 745 2409 951 2453; x_wconf 72' lang='lat' dir='ltr'><strong>ffinleitung</strong></span> <span class='ocrx_word' id='word_1_304' title='bbox 991 2407 1066 2443; x_wconf 85' lang='lat' dir='ltr'><strong>und</strong></span> <span class='ocrx_word' id='word_1_305' title='bbox 1105 2405 1299 2451; x_wconf 62' lang='lat' dir='ltr'><strong>gefinderte</strong></span> <span class='ocrx_word' id='word_1_306' title='bbox 1334 2404 1516 2446; x_wconf 70' lang='lat' dir='ltr'><strong>Fassung).</strong></span> 
     </span>
     <span class='ocr_line' id='line_1_35' title="bbox 102 2455 1519 2507; baseline -0.009 -4"><span class='ocrx_word' id='word_1_307' title='bbox 102 2486 147 2493; x_wconf 94' lang='lat'>—</span> <span class='ocrx_word' id='word_1_308' title='bbox 171 2467 188 2488; x_wconf 72' lang='lat'><em>2</em></span> <span class='ocrx_word' id='word_1_309' title='bbox 210 2477 326 2501; x_wconf 62' lang='grc' dir='ltr'><strong>ωε</strong></span> <span class='ocrx_word' id='word_1_310' title='bbox 345 2467 599 2507; x_wconf 63' lang='lat' dir='ltr'><strong>Dira-dorum,</strong></span> <span class='ocrx_word' id='word_1_311' title='bbox 625 2464 704 2507; x_wconf 80' lang='lat' dir='ltr'><strong>LE,</strong></span> <span class='ocrx_word' id='word_1_312' title='bbox 730 2463 842 2499; x_wconf 85' lang='lat' dir='ltr'><strong><em>SVB.</em></strong></span> <span class='ocrx_word' id='word_1_313' title='bbox 882 2459 1253 2499; x_wconf 72' lang='lat' dir='ltr'><strong>EinuauerlochSn,</strong></span> <span class='ocrx_word' id='word_1_314' title='bbox 1268 2458 1331 2499; x_wconf 51' lang='lat' dir='ltr'><strong>Su</strong></span> <span class='ocrx_word' id='word_1_315' title='bbox 1348 2455 1519 2499; x_wconf 70' lang='lat' dir='ltr'><strong>einTross</strong></span> 
     </span>
     <span class='ocr_line' id='line_1_36' title="bbox 101 2508 1516 2565; baseline -0.011 -7"><span class='ocrx_word' id='word_1_316' title='bbox 101 2519 169 2565; x_wconf 69' lang='lat' dir='ltr'><strong>Sc.</strong></span> <span class='ocrx_word' id='word_1_317' title='bbox 194 2519 384 2565; x_wconf 64' lang='grc' dir='ltr'><strong>(Βῠᾱίςον</strong></span> <span class='ocrx_word' id='word_1_318' title='bbox 408 2517 697 2559; x_wconf 79' lang='lat' dir='ltr'><strong>columbarium),</strong></span> <span class='ocrx_word' id='word_1_319' title='bbox 722 2516 780 2552; x_wconf 86' lang='lat' dir='ltr'><strong>ein</strong></span> <span class='ocrx_word' id='word_1_320' title='bbox 800 2516 921 2551; x_wconf 82' lang='lat' dir='ltr'><strong>Koffer</strong></span> <span class='ocrx_word' id='word_1_321' title='bbox 944 2513 1026 2561; x_wconf 84' lang='grc'><strong>01.,</strong></span> <span class='ocrx_word' id='word_1_322' title='bbox 1050 2514 1108 2548; x_wconf 85' lang='lat' dir='ltr'><strong>ein</strong></span> <span class='ocrx_word' id='word_1_323' title='bbox 1125 2512 1220 2556; x_wconf 73' lang='lat' dir='ltr'><strong>Tross</strong></span> <span class='ocrx_word' id='word_1_324' title='bbox 1235 2510 1355 2548; x_wconf 88' lang='grc'><strong>01.-</strong></span> <span class='ocrx_word' id='word_1_325' title='bbox 1377 2508 1392 2530; x_wconf 87' lang='lat'>⁸</span> <span class='ocrx_word' id='word_1_326' title='bbox 1405 2519 1516 2543; x_wconf 62' lang='grc' dir='ltr'><strong>παπ</strong></span> 
     </span>
     <span class='ocr_line' id='line_1_37' title="bbox 102 2562 1520 2614; baseline -0.009 -5"><span class='ocrx_word' id='word_1_327' title='bbox 102 2573 459 2614; x_wconf 60' lang='grc' dir='ltr'><strong>ΒνοαΜΒΕ,</strong></span> <span class='ocrx_word' id='word_1_328' title='bbox 484 2572 595 2612; x_wconf 87' lang='lat' dir='ltr'><strong><em>SVB,</em></strong></span> <span class='ocrx_word' id='word_1_329' title='bbox 619 2570 709 2606; x_wconf 82' lang='lat' dir='ltr'><strong>fehlt</strong></span> <span class='ocrx_word' id='word_1_330' title='bbox 738 2564 924 2613; x_wconf 68' lang='lat' dir='ltr'><strong>aucth.</strong></span> <span class='ocrx_word' id='word_1_331' title='bbox 950 2566 1015 2604; x_wconf 83' lang='grc'><strong>01.</strong></span> <span class='ocrx_word' id='word_1_332' title='bbox 1040 2566 1099 2604; x_wconf 83' lang='lat' dir='ltr'><strong>cl.</strong></span> <span class='ocrx_word' id='word_1_333' title='bbox 1135 2584 1183 2591; x_wconf 93' lang='lat'><strong>—</strong></span> <span class='ocrx_word' id='word_1_334' title='bbox 1220 2563 1299 2599; x_wconf 77' lang='lat' dir='ltr'><strong>⁴er</strong></span> <span class='ocrx_word' id='word_1_335' title='bbox 1330 2562 1520 2599; x_wconf 76' lang='lat' dir='ltr'><strong>starbvor</strong></span> 
     </span>
     <span class='ocr_line' id='line_1_38' title="bbox 102 2616 1518 2662; baseline -0.009 1"><span class='ocrx_word' id='word_1_336' title='bbox 102 2625 277 2662; x_wconf 78' lang='lat' dir='ltr'><strong>Kummer</strong></span> <span class='ocrx_word' id='word_1_337' title='bbox 299 2625 412 2662; x_wconf 82' lang='lat' dir='ltr'><strong><em>SVB.</em></strong></span> <span class='ocrx_word' id='word_1_338' title='bbox 450 2643 492 2650; x_wconf 91' lang='lat'>—</span> <span class='ocrx_word' id='word_1_339' title='bbox 532 2624 547 2645; x_wconf 76' lang='lat'>⁶</span> <span class='ocrx_word' id='word_1_340' title='bbox 570 2624 637 2659; x_wconf 91' lang='lat' dir='ltr'><strong>Die</strong></span> <span class='ocrx_word' id='word_1_341' title='bbox 661 2621 872 2659; x_wconf 68' lang='lat' dir='ltr'><strong>Goechichte</strong></span> <span class='ocrx_word' id='word_1_342' title='bbox 904 2621 968 2656; x_wconf 57' lang='lat' dir='ltr'><strong>bai</strong></span> <span class='ocrx_word' id='word_1_343' title='bbox 1009 2620 1047 2656; x_wconf 90' lang='lat' dir='ltr'><strong>in</strong></span> <span class='ocrx_word' id='word_1_344' title='bbox 1083 2619 1148 2655; x_wconf 76' lang='grc' dir='ltr'><strong>ΒΝ</strong></span> <span class='ocrx_word' id='word_1_345' title='bbox 1170 2616 1393 2662; x_wconf 74' lang='lat' dir='ltr'><strong>(Schauplatz</strong></span> <span class='ocrx_word' id='word_1_346' title='bbox 1426 2624 1518 2660; x_wconf 74' lang='lat' dir='ltr'><strong>pers.</strong></span> 
     </span>
     <span class='ocr_line' id='line_1_39' title="bbox 101 2675 918 2722; baseline -0.009 -6"><span class='ocrx_word' id='word_1_347' title='bbox 101 2679 204 2716; x_wconf 71' lang='lat' dir='ltr'><strong>stadt</strong></span> <span class='ocrx_word' id='word_1_348' title='bbox 225 2679 385 2722; x_wconf 72' lang='lat' dir='ltr'><strong>Shustar)</strong></span> <span class='ocrx_word' id='word_1_349' title='bbox 409 2678 467 2714; x_wconf 91' lang='lat' dir='ltr'><strong>die</strong></span> <span class='ocrx_word' id='word_1_350' title='bbox 491 2677 599 2714; x_wconf 71' lang='lat' dir='ltr'><strong>Fon-m</strong></span> <span class='ocrx_word' id='word_1_351' title='bbox 623 2677 688 2712; x_wconf 87' lang='lat' dir='ltr'><strong>der</strong></span> <span class='ocrx_word' id='word_1_352' title='bbox 711 2677 810 2712; x_wconf 74' lang='lat' dir='ltr'><strong>Duc.</strong></span> <span class='ocrx_word' id='word_1_353' title='bbox 835 2675 918 2710; x_wconf 79' lang='lat' dir='ltr'><strong>cler.</strong></span> 
     </span>
    </p>
   </div>
   <div class='ocr_carea' id='block_1_9' title="bbox 99 2391 382 2398">
    <p class='ocr_par' dir='ltr' id='par_1_9' title="bbox 99 2391 382 2398">
     <span class='ocr_line' id='line_1_40' title="bbox 99 2391 382 2398; baseline 0 0"><span class='ocrx_word' id='word_1_354' title='bbox 99 2391 382 2398; x_wconf 95' lang='lat' dir='ltr'><strong> </strong></span> 
     </span>
    </p>
   </div>
  </div>
 </body>
</html>
