1742 3080
780 163 1037 203 ,26-

65 291 188 331 f.1321
208 295 251 330 ut
277 289 387 330 aliam
418 286 649 328 nobilem¹
678 287 837 327 duceres
864 299 1062 338 sponsam.
1083 308 1132 313 --
1157 295 1164 334 ι
1187 286 1278 326 Ideo
1301 286 1386 326 dico
1405 285 1485 335 tibi,
1514 286 1609 335 Rex,

206 350 307 400 quod
336 362 429 388 vxor
447 353 513 388 tua
531 352 686 399 propter
704 345 891 386 inuidiam
910 345 989 386 vult
1008 346 1111 397 quod
1129 346 1359 397 dampnetur
1378 345 1480 385 filius
1499 350 1609 394 tuus;

204 409 312 448 timet
339 408 442 447 enim
475 407 590 458 quod,
625 406 656 446 si
685 410 861 446 mortuus
888 405 1017 454 fueris,
1049 405 1111 445 ille
1138 406 1295 445 duceret
1326 418 1502 445 vxorem:
1548 405 1612 445 illa

205 466 275 507 erit
302 466 449 518 Regina
475 471 513 506 et
539 465 634 517 ipsa,
669 478 764 505 vxor
790 470 868 512 tua,
901 477 981 504 non
1010 463 1195 516 regnabit.
1252 464 1364 504 Tunc
1390 464 1501 504 iussit
1527 464 1611 504 Rex

161 528 186 566 5
207 540 285 567 non
314 525 432 566 occidi
461 525 581 565 filium
609 537 735 564 suum.
1602 551 1606 561 .

204 579 384 669 Videtis
418 585 555 625 mulier
584 585 694 635 quod
725 582 1056 636 appropinquabat
1083 588 1235 635 tempus
1263 585 1366 634 quod
1393 583 1613 634 loqueretur

303 645 402 685 filius
430 645 540 696 regis,
570 644 737 696 precepit
766 642 899 694 puellis
927 642 1008 682 suis
1036 647 1075 682 vt
1101 642 1201 682 irent
1228 655 1360 683 secum
1386 643 1434 682 ad
1454 643 1612 691 flumen,

204 710 243 744 vt
269 705 321 745 ibi
350 718 391 745 se
420 702 690 755 demergeret.²
745 703 856 751 Quod
890 707 932 742 ut
968 701 1160 754 sapientes
1188 701 1470 751 intellexerunt,
1509 703 1612 753 quod

204 765 366 805 debebat
400 777 442 804 se
476 764 658 811 occidere,
693 767 906 814 posuerunt
942 763 1133 811 custodes,
1171 767 1210 801 vt
1237 775 1322 802 eam
1351 767 1538 810 tenerent,
1575 767 1613 802 et

138 823 187 862 10
205 824 400 864 dixerunt:
447 823 571 863 Hodie
599 823 631 862 si
659 823 836 861 volumus
864 822 1026 861 liberare
1057 821 1179 861 filium
1198 822 1313 873 Regis
1341 822 1390 861 ab
1409 822 1611 870 occisione,

205 896 390 923 numerus
424 888 601 923 nostrum
642 882 842 933 inpleatur.
898 881 1047 932 Regina
1083 894 1176 921 uero
1203 882 1380 921 timens
1408 887 1614 921 ventura

204 943 376 983 fefellit
403 940 656 983 custodes⁸
684 947 721 981 et
748 954 907 981 currens
935 940 1174 993 precipitauit
1200 954 1242 981 se
1264 941 1304 980 in
1324 941 1479 981 flumen.
1522 941 1612 980 Mox

205 1003 397 1054 sapientes
433 1001 621 1042 miserunt
649 1000 846 1040 ministros
880 1005 917 1040 et
944 1005 1192 1040 extraxerunt
1219 1013 1316 1040 eam.
1342 1051 1344 1053 Ι
1372 1000 1455 1040 Rex
1484 1005 1613 1040 autem

205 1063 378 1102 dolore
414 1059 649 1112 coniugis
683 1058 938 1100 comotus⁴
975 1060 1142 1111 precepit
1181 1059 1300 1099 occidi
1336 1059 1458 1099 filium
1485 1073 1611 1100 suum.

138 1121 186 1159 15
204 1121 331 1170 Quam
372 1121 422 1160 ob
459 1134 542 1160 rem
575 1133 643 1159 sex
676 1119 881 1172 consiliarij
919 1120 994 1159 cito
1031 1124 1293 1167 cucurrerunt,
1335 1124 1377 1159 ut
1407 1119 1615 1159 liberarent

203 1194 366 1232 puerum
402 1195 426 1220 a
461 1193 581 1220 manu
615 1178 865 1231 spiculatoris.
934 1179 980 1218 Et
1017 1178 1202 1231 septimus
1236 1178 1305 1218 iuit
1342 1179 1390 1219 ad
1419 1192 1548 1230 regem
1575 1184 1615 1218 et

202 1239 312 1280 flexis
339 1240 502 1292 genibus
530 1238 704 1279 adorauit
732 1244 768 1279 et
796 1238 908 1278 dixit:
968 1238 1295 1278 Excellentissime
1333 1238 1488 1278 domine
1517 1238 1613 1286 Reiz,

204 1300 346 1339 cuius
382 1299 714 1338 moderamine
741 1298 882 1338 India
912 1303 1132 1349 protecta
1165 1296 1288 1345 est,⁶
1324 1298 1452 1349 aspice
1479 1298 1614 1338 faciem

204 1358 306 1398 serui
334 1358 400 1407 tui,
439 1358 537 1398 sicut
567 1357 748 1409 aspexisti
777 1357 976 1397 consocios
1004 1371 1125 1397 meos.
1181 1356 1277 1405 Quis
1306 1358 1410 1397 enim
1439 1357 1616 1397 resistere

134 1416 187 1454 20
205 1418 301 1458 valet
337 1422 470 1458 contra
502 1417 700 1467 ingenium
733 1416 931 1457 mulieris?
986 1416 1145 1456 Asculta
1173 1416 1264 1467 quid
1291 1416 1378 1456 fecit
1406 1417 1614 1467 quedam

204 1490 329 1518 anus
357 1476 507 1516 cuidam
534 1474 716 1516 homini⁶.
772 1476 838 1515 Ait
864 1476 969 1516 Rex:
1010 1475 1090 1516 Dic.
1131 1476 1182 1515 At
1210 1476 1288 1516 ille:

209 1594 275 1634 18.
300 1588 500 1647 [Septimi
521 1593 736 1645 sapientis
766 1594 908 1645 prima
937 1593 1146 1634 historia:
1178 1588 1210 1634 J
1213 1588 1376 1634 avenis
1406 1587 1615 1645 semim]

203 1667 317 1756 Fvit
352 1675 471 1714 homo
506 1673 567 1714 cui
603 1680 685 1715 erat
722 1688 816 1714 vxor
853 1675 998 1726 pulcra,
1037 1687 1154 1725 quam
1187 1673 1366 1725 diligebat
1393 1673 1617 1713 adolescens

292 1732 459 1784 quidam,
488 1735 555 1774 sed
582 1733 638 1774 ire
665 1735 713 1774 ad
742 1747 828 1774 eam
847 1734 1042 1785 nequibat,
1071 1734 1161 1784 quia
1178 1734 1236 1772 vir
1255 1733 1338 1773 eius
1355 1733 1512 1772 tenebat
1531 1745 1617 1772 eam

205 1793 278 1832 sub
306 1793 490 1841 custodia,
517 1798 556 1832 et
582 1806 650 1845 pre
677 1792 797 1833 nimia
824 1806 917 1833 cura
944 1793 1119 1844 portabat
1146 1793 1274 1832 claues
1293 1791 1464 1837 thalami,
1491 1796 1530 1831 et
1552 1791 1617 1830 hic

65 1848 191 1888 f.132v
211 1857 292 1891 erat
325 1851 478 1892 senex!
546 1853 700 1893 quenis
726 1854 884 1902 {autem
923 1853 984 1893 ille
1018 1866 1160 1904 magno
1197 1858 1331 1904 captus
1371 1864 1504 1891 amore
1538 1852 1618 1890 lan-

138 1909 188 1947 26
207 1911 344 1962 guidus
385 1912 540 1952 effectus
569 1917 638 1954 est.
694 1912 806 1952 Tunc
837 1913 963 1952 vetula
990 1913 1155 1963 quedam
1189 1925 1280 1951 sua
1314 1908 1620 1951 conuicina⁸

205 1970 309 2010 venit
335 1972 385 2011 ad
412 1984 513 2012 eum.
560 1972 609 2012 Vt
629 1977 757 2012 autem
777 1972 958 2023 cognouit
976 1972 1059 2012 eius
1078 1984 1264 2019 amorem,
1292 1970 1362 2010 ait:
1403 1969 1469 2009 Vis
1495 1970 1619 2010 faeere

205 2043 337 2070 meum
366 2031 487 2071 velle?
540 2031 696 2071 quenis
724 2031 876 2083 inquid:
920 2031 1056 2072 Presto
1085 2044 1185 2071 sum.
1232 2030 1335 2070 Dixit
1353 2042 1471 2070 anus:
1510 2030 1619 2069 Rade

207 2089 274 2129 tibi
311 2090 473 2130 barbam
509 2090 825 2143 corpusque⁹
859 2097 996 2131 tuum
1029 2090 1259 2143 pilosum.
1315 2089 1429 2139 Quod
1456 2094 1494 2129 et
1521 2089 1619 2129 fecit.

135 2149 188 2188 30
206 2149 318 2190 Tunc
345 2149 468 2190 induit
501 2164 590 2191 eum
617 2151 752 2191 habitu
780 2152 946 2192 femineo
975 2157 1018 2191 et
1045 2156 1150 2203 post
1176 2149 1461 2191 tenuissima
1488 2154 1620 2188 ueste

299 2244 335 2280 Z.
353 2245 376 2280 3
389 2245 532 2281 ducens.
551 2267 596 2273 —
616 2247 660 2283 14
673 2246 820 2291 coiugis.
842 2266 883 2271 —
905 2247 949 2282 16
962 2257 1057 2292 spec.
1076 2267 1120 2273 —
1138 2247 1185 2281 30
1196 2245 1448 2281 tenuissimam
1468 2247 1618 2280 uestem.

305 2334 317 2355 ¹
341 2345 410 2370 nur
433 2346 498 2371 ms.
516 2356 561 2362 —-
580 2334 595 2355 ²
612 2337 683 2371 MS
702 2335 967 2380 eigentumlich.
992 2335 1092 2371 Nach
1116 2335 1180 2371 der
1196 2334 1407 2371 Geschichte
1420 2334 1545 2370 Catula
1561 2334 1621 2369 he·

205 2388 292 2423 reits
315 2388 388 2423 will
412 2388 469 2424 die
487 2389 579 2424 Frau
597 2390 674 2425 sich
698 2392 796 2425 toten
816 2391 868 2425 Su
892 2389 1018 2432 (durch
1035 2389 1130 2432 Gift),
1156 2390 1235 2430 LE,
1261 2390 1372 2431 SVB,
1398 2388 1500 2429 SVS,
1526 2387 1621 2422 nach

205 2441 270 2476 der
286 2441 412 2478 Gesch.
430 2441 690 2487 Elephantinus
714 2443 786 2478 will
811 2443 863 2478 sie
887 2443 963 2478 sich
988 2443 1027 2478 in
1044 2443 1151 2478 einen
1168 2442 1461 2477 Scheiterhaufen
1478 2443 1621 2476 stilrzen

206 2495 268 2536 Sn,
287 2495 341 2537 Sa,
359 2495 441 2530 LE.
467 2516 511 2522 —
540 2494 554 2515 ⁸
578 2506 648 2531 nur
669 2508 732 2531 ms.
752 2517 795 2523 —
820 2499 835 2520 ⁴
853 2496 942 2532 fehlt
958 2495 1024 2540 sg.
1039 2494 1102 2532 Gr.
1116 2494 1175 2532 01.
1194 2516 1238 2522 -
1266 2494 1281 2515 ⁶
1297 2495 1387 2530 fehlt
1402 2494 1469 2539 ὃς.
1483 2493 1547 2531 Gr.
1560 2492 1620 2530 cl.

206 2567 251 2574 —
277 2546 293 2567 ⁸
316 2547 385 2583 wie
409 2548 473 2583 das
497 2549 723 2585 buhlerische
748 2550 854 2586 Weib
879 2550 945 2585 mit
968 2550 1085 2585 ihrem
1110 2549 1219 2585 Manu
1244 2552 1297 2584 tat
1321 2548 1388 2592 sg.
1406 2546 1470 2584 Gr.
1489 2546 1549 2584 01.
1575 2569 1619 2574 -

209 2599 222 2620 ⁷
246 2600 320 2635 und
345 2601 404 2636 ein
429 2601 633 2637 Kaufmann
657 2601 802 2647 sg.cr.
818 2602 877 2640 ci.
904 2624 948 2630 —
976 2602 990 2624 ⁸
1014 2614 1084 2638 nur
1107 2614 1171 2638 ms.
1191 2623 1234 2629 -
1254 2601 1269 2623 ⁹
1285 2614 1339 2637 ms
1353 2616 1394 2632 =
1409 2599 1477 2646 sg.
1504 2601 1621 2636 Haare

207 2663 280 2689 von
305 2654 447 2690 deinem
465 2655 608 2691 Gesicht
632 2655 697 2693 Cr.
723 2655 783 2693 cl.
