1742 3080
815 170 1074 209 „24-

238 301 380 336 terram
408 295 550 335 Gessar
578 306 649 333 nec
676 293 842 333 rebellus
868 291 1003 332 fuisset
1030 291 1127 344 patri
1157 291 1269 341 suo;²
1308 292 1350 332 in
1384 292 1483 333 bello
1519 297 1650 334 tamen

239 360 415 395 mortuus
444 352 535 394 est.²
573 353 688 392 Nunc
707 357 836 392 autem
863 351 964 391 filius
991 357 1081 391 tuus
1109 351 1244 392 melior
1271 357 1331 392 est
1357 351 1450 392 illo?
1471 375 1518 381 —
1539 352 1652 392 Tunc

241 413 353 454 iussit
380 413 465 452 Rex
492 411 654 452 interfici
682 411 802 451 filium
831 424 959 451 suum.

240 467 391 557 Venit
417 471 509 512 item
538 476 668 512 sextus
696 469 936 510 consiliarius
964 474 1002 510 et
1028 469 1162 510 cecidit
1189 475 1279 510 ante
1298 471 1445 522 regales
1472 471 1588 522 pedes
1616 476 1655 511 et

100 534 222 574 [131¹
340 532 411 572 ait:
438 530 541 571 Audi
577 544 653 579 me,
691 529 846 570 domine
873 527 969 578 Rex,
1007 534 1045 569 et
1081 529 1215 569 faciem
1239 530 1246 578 Ι
1270 530 1373 569 serui
1414 529 1468 569 tui
1505 542 1555 569 ne
1592 530 1654 570 de-

197 594 222 633 6
242 591 392 645 spicias.
448 590 586 630 Dixit
614 590 736 630 Rex:
765 588 930 628 Dicito
956 589 1084 639 quod
1111 587 1222 630 vis.⁸
1275 589 1323 629 Et
1350 588 1402 629 ait
1429 588 1512 629 ille:

248 704 315 744 16.
336 697 478 756 [Sexti
508 700 724 752 sapientis
754 699 897 751 prima
924 698 1133 739 historia:
1165 693 1376 740 Absalon
1405 694 1654 753 mortuus]

351 775 483 814 Nescis
503 775 604 825 quod
622 773 745 813 Dauid
764 773 859 821 Rex,
889 773 936 811 de
963 785 1041 823 quo
1067 771 1214 812 femina
1239 772 1365 812 locuta
1392 777 1461 821 est,
1490 773 1657 813 habebat

246 834 343 874 filios
371 835 527 885 plures?
582 833 627 872 Et
655 832 834 884 quamuis
862 831 974 871 multi
1000 831 1065 884 filij
1094 831 1129 871 ei
1156 837 1298 880 essent,
1328 837 1471 881 tamen,
1502 833 1657 884 quando

247 899 497 946 perrexerant
514 893 693 933 homines
711 893 760 932 ad
779 891 935 940 bellum,
964 891 1132 943 precepit
1158 891 1232 931 illis
1252 896 1291 931 vt
1308 897 1509 932 seruarent
1536 891 1659 931 filium

179 955 229 994 10
247 953 330 994 eius
366 953 553 1002 Absolon,
591 957 628 992 et
664 957 870 1003 postquam
904 950 1004 990 filius
1041 950 1123 991 eius
1160 956 1336 991 mortuus
1373 956 1431 991 est
1468 951 1509 991 in
1546 952 1658 999 bello,

247 1013 354 1054 fleuit
395 1012 504 1053 valde
544 1012 695 1052 dicens:
723 1011 909 1059 Absolon,
951 1010 1016 1063 filij
1057 1010 1123 1059 mi,
1165 1009 1273 1061 quis
1313 1010 1429 1050 mihi
1470 1011 1568 1059 det,
1611 1016 1660 1050 ut

247 1072 431 1113 moriar
468 1084 555 1123 pro
591 1070 682 1111 te?⁴
735 1071 783 1110 Et
819 1070 901 1122 ipse
936 1070 976 1110 in
1010 1074 1141 1110 mente
1178 1083 1249 1110 sua
1285 1070 1452 1110 habebat
1489 1070 1661 1110 occidere

249 1131 357 1180 Joab,
395 1132 462 1171 sed
495 1144 575 1171 non
607 1135 767 1182 poterat,
805 1129 895 1181 quia
922 1129 978 1169 vir
1015 1128 1077 1169 ille
1104 1128 1212 1169 fortis
1240 1134 1331 1169 erat.
1388 1130 1502 1169 Iussit
1530 1135 1660 1170 tamen

251 1191 327 1231 filio
354 1204 425 1230 suo
454 1190 665 1240 Salomoni,
694 1194 732 1229 vt
760 1203 851 1229 eum
879 1187 1100 1229 occideret.⁶
1154 1189 1201 1228 Et
1227 1188 1403 1229 Absolon
1431 1188 1542 1228 sciuit
1570 1189 1662 1240 quid

184 1254 233 1293 15
251 1255 429 1302 operatus
466 1255 547 1290 erat
579 1250 619 1289 in
656 1254 805 1300 patrem
841 1262 968 1288 suum.
1024 1248 1071 1288 Et
1107 1248 1208 1288 filius
1243 1253 1332 1288 tuus
1369 1248 1434 1299 qui
1475 1249 1531 1288 nil
1571 1248 1662 1288 mali

252 1314 432 1362 operatus
468 1314 538 1358 est,
576 1314 710 1348 contra
746 1314 784 1348 te
825 1313 1004 1360 operatus
1041 1311 1124 1348 est?
1179 1307 1246 1347 Vis
1274 1313 1317 1347 ut
1343 1307 1458 1348 morti
1491 1309 1664 1348 tradatur

252 1369 382 1421 gratis,
411 1373 448 1408 et
481 1369 530 1408 sit
562 1381 678 1408 causa
713 1373 756 1407 ut
793 1369 1011 1408 destruatur
1045 1380 1209 1419 regnum
1242 1371 1354 1407 tuum
1391 1373 1430 1407 et
1461 1380 1664 1407 remaneas

253 1429 411 1468 orbatus
439 1427 554 1480 filijs?
609 1428 669 1467 Tu
697 1427 775 1467 iam
803 1440 923 1467 senex
951 1440 992 1467 es
1022 1431 1059 1467 et
1087 1440 1168 1467 non
1196 1432 1305 1479 potes
1332 1427 1452 1467 alium
1479 1439 1665 1478 generare

254 1487 386 1528 filium.
439 1487 554 1527 Nunc
590 1492 716 1527 autem
753 1487 844 1538 quid
877 1487 999 1527 habes
1026 1499 1117 1526 eum
1151 1486 1250 1535 odio,
1289 1486 1377 1538 quia
1409 1492 1540 1526 mutus
1577 1488 1666 1526 est?

185 1552 236 1591 20
254 1547 385 1587 onr
420 1545 534 1587 tua⁶
572 1547 702 1587 debuit
737 1547 806 1586 tibi
843 1547 935 1586 dare
971 1546 1187 1594 consilium,
1218 1551 1258 1586 vt
1285 1547 1514 1586 mederetur.
1571 1545 1666 1585 Sed

256 1606 469 1647 facimus
505 1619 606 1646 cum
644 1619 698 1646 ea
733 1604 896 1646 bella⁷
931 1606 1016 1658 plus
1057 1619 1175 1657 quam
1214 1618 1305 1645 cum
1337 1605 1491 1657 regibus
1530 1605 1666 1644 Yndie.

256 1666 389 1706 Nescis
421 1666 577 1717 quidem
605 1666 720 1717 quod,
759 1666 792 1706 si
828 1665 965 1716 aliquis
992 1665 1077 1705 Rex
1109 1665 1271 1705 haberet
1298 1678 1456 1705 vxorem
1485 1677 1559 1716 que
1587 1677 1667 1704 non

258 1725 367 1765 faciat
403 1725 535 1774 filium,
574 1731 680 1765 orat
716 1724 887 1771 deum⁸
922 1724 1059 1765 mulier
1092 1724 1155 1765 illa
1182 1729 1221 1764 vt
1250 1738 1330 1765 non
1359 1730 1540 1765 nascatur
1568 1723 1669 1763 filius

258 1798 306 1825 ex
333 1784 406 1825 alia
433 1789 578 1825 matre?
632 1785 794 1825 Femina
819 1785 891 1824 hec
918 1785 1009 1836 quia
1036 1785 1176 1824 sterilis
1207 1789 1278 1832 est,
1306 1785 1409 1836 cupit
1434 1789 1601 1824 mortem
1628 1783 1666 1823 in

188 1849 241 1889 30
260 1843 335 1884 filio
362 1850 440 1893 tuo,
470 1849 512 1884 ut
538 1844 622 1896 ipsa
649 1845 731 1885 sola
757 1857 966 1884 remanens
993 1849 1123 1884 teneat
1157 1843 1361 1896 imperium
1390 1849 1477 1895 post
1503 1848 1669 1883 mortem

352 1944 389 1981 Z.
408 1945 428 1980 7
453 1944 584 1981 Nessis.
609 1966 654 1972 —
680 1946 725 1981 23
750 1948 928 1981 nascetur.

357 2020 371 2042 ¹
394 2022 538 2057 Samuel
554 2023 589 2058 11
608 2023 652 2058 15
686 2042 730 2048 —
764 2021 778 2042 ²
810 2023 850 2058 in
879 2034 935 2058 ms
968 2026 1078 2059 etwas
1108 2022 1263 2067 gekssrzt.
1290 2043 1335 2049 —
1363 2021 1378 2043 ⁸
1401 2022 1489 2058 fehlt
1513 2021 1580 2066 Sg.
1605 2021 1671 2059 Gr·

261 2074 320 2112 01.
345 2094 389 2101 ·-
415 2079 431 2099 ⁴
454 2076 543 2111 fehlt
572 2075 639 2121 Sg.
657 2075 721 2114 οι·.
734 2075 794 2113 01.
814 2091 856 2106 =
870 2076 1015 2112 Samuel
1031 2077 1063 2112 Π
1083 2078 1139 2120 18,
1172 2077 1229 2112 33.
1278 2076 1430 2120 Vulgata
1454 2076 1557 2111 aber:
1591 2074 1672 2120 quis

262 2128 350 2164 mihi
380 2128 525 2171 tribuat,
559 2132 599 2165 ut
633 2140 699 2174 ego
733 2130 868 2165 moriar
891 2141 957 2175 pro
981 2130 1043 2166 te?
1080 2151 1125 2157 —
1165 2128 1179 2150 ⁶
1215 2129 1397 2174 IRegum
1426 2128 1458 2164 11
1483 2129 1587 2164 5-6.
1628 2147 1670 2153 -

265 2181 280 2201 ⁶
304 2181 424 2218 Wenn
458 2182 507 2218 du
532 2183 595 2218 ihn
620 2183 720 2225 haflt,
746 2183 827 2219 weil
851 2194 891 2219 er
915 2186 1051 2219 stumm
1075 2183 1131 2226 ist,
1157 2183 1250 2218 nach
1274 2182 1398 2218 deines
1422 2181 1567 2218 Weibes
1590 2182 1672 2223 Rat,

263 2247 304 2270 so
334 2235 380 2270 ist
412 2246 450 2271 es
487 2236 662 2272 vielmehr
696 2238 800 2272 deine
835 2236 965 2272 Pflicht
1001 2236 1198 2273 Heilmjttel
1235 2236 1481 2272 anzuwenden
1506 2235 1573 2280 Sg.
1606 2234 1672 2271 Gr.

264 2287 380 2331 (Weib
396 2289 497 2324 nicht
512 2290 701 2333 erwahnt);
727 2290 861 2326 ebenso
879 2288 954 2337 01.,
971 2291 1076 2326 aber:
1101 2301 1142 2326 so
1159 2289 1309 2326 mufiten
1327 2293 1395 2326 noir
1411 2289 1515 2324 dafflr
1531 2299 1673 2332 sorgen,

263 2341 328 2377 ibn
370 2342 484 2378 durch
528 2343 724 2379 Arzeneien
767 2354 812 2379 zu
853 2343 983 2381 heilen.
1033 2362 1074 2370 -
1126 2342 1140 2363 ⁷
1186 2337 1363 2387 Ubrigens
1411 2342 1459 2378 ist
1504 2353 1541 2377 ω
1592 2342 1672 2377 eine

265 2395 468 2431 drflckende
499 2396 601 2439 Last,
636 2397 747 2432 selbst
779 2408 886 2432 wenn
920 2397 984 2433 das
1017 2407 1129 2442 gunze
1159 2396 1372 2441 Konigreich
1402 2395 1528 2431 Indien
1564 2395 1676 2430 wider

266 2448 324 2484 ein
343 2448 446 2484 Weib
475 2460 520 2485 zu
553 2450 722 2495 kampfen
745 2450 809 2486 hat
833 2449 900 2495 Sg.
950 2444 1127 2495 Ubrigens
1159 2450 1205 2486 ist
1231 2461 1269 2485 es
1293 2449 1375 2485 eine
1397 2460 1442 2485 zu
1471 2448 1676 2484 drackende

267 2502 361 2544 Last,
386 2502 482 2538 denn
499 2514 538 2538 es
562 2503 607 2538 ist
623 2502 779 2546 leichter‚
805 2504 870 2539 das
894 2514 1007 2548 ganzo
1024 2503 1238 2548 Konigreich
1262 2502 1388 2538 Indien
1413 2513 1457 2538 zu
1483 2501 1675 2547 bekriegen

266 2555 319 2591 als
343 2555 423 2591 eine
439 2555 531 2591 Fran
548 2555 627 2603 οι·.,
652 2557 748 2593 deun
773 2557 838 2592 wir
861 2557 980 2593 leiden
996 2561 1103 2593 unter
1118 2558 1315 2593 schwerem
1331 2556 1433 2600 Joch,
1457 2555 1551 2591 auch
1569 2565 1675 2590 wenn

267 2608 337 2644 alle
360 2609 495 2644 Reicbe
519 2610 663 2645 Indiens
687 2611 856 2656 kampfen
882 2621 996 2656 gegen
1030 2610 1089 2646 ein
1114 2610 1230 2655 einzig
1245 2609 1351 2646 Weib
1375 2608 1435 2647 01.
1468 2628 1499 2635 -
1534 2608 1548 2629 “
1573 2609 1678 2644 bittet

270 2660 353 2708 830,
379 2663 542 2699 wnnscht
567 2662 646 2710 Gr„
671 2665 769 2700 sinnt
802 2665 933 2700 darauf
953 2662 1012 2701 cl.
