1742 3080
693 196 925 235 -3-

27 362 33 366 ,
95 317 179 370 pias
208 318 358 359 mvn.
383 317 587 360 mensibus
614 333 660 360 os
687 333 818 361 meum
847 335 926 362 non
955 323 1005 363 sit
1030 329 1221 377 apertum,
1249 329 1315 365 tua
1334 333 1512 379 precepta

95 389 176 418 non
203 383 320 418 erunt
346 377 580 430 repudiata.¹
632 378 846 431 Respondit
881 382 1063 435 magister
1090 388 1128 423 et
1155 383 1269 424 dixit:
1315 384 1395 437 Ego
1422 386 1510 427 misi

98 436 286 477 nuncium
312 437 362 477 ad
390 443 539 489 patrem
567 443 678 478 tuum
706 444 750 478 ut
777 452 863 480 cras
889 441 938 481 ad
966 454 1056 482 eum
1075 455 1224 494 pergas,
1252 443 1342 494 quia
1360 450 1513 498 tempus

95 496 349 536 constitutum
385 497 546 537 accessit
581 498 685 549 quod
722 498 792 537 fuit
819 499 919 539 inter
947 514 1032 541 nos.
1087 501 1171 542 Rex
1197 507 1327 543 autem
1354 517 1513 556 congre-

94 555 202 606 gabit
229 555 421 608 principes
449 569 542 596 suos
569 562 607 597 et
634 557 842 609 sapientes.
898 559 959 599 Tu
987 573 1081 600 uero
1108 574 1197 600 cum
1224 562 1376 615 nuncijs
1394 564 1513 615 patris
1556 566 1583 604 5

94 615 152 655 tui
178 615 252 655 ibis
278 620 370 656 ante
395 615 566 656 tribunal
594 615 725 667 Regis,
760 630 833 668 ego
860 624 990 659 autem
1018 632 1085 659 ero
1111 620 1360 661 absconditus
1387 622 1514 674 priua-

95 673 178 715 tim.
234 674 348 715 Tunc
374 674 462 715 fecit
489 674 663 726 magistri
691 682 870 728 precepta
896 682 934 718 et
970 678 1073 718 venit
1099 684 1189 718 ante
1216 678 1332 730 Regis
1360 694 1514 733 presen-

93 732 195 775 ciam
232 739 269 774 et
304 733 479 774 adorauit
512 734 672 786 Regem.
727 735 873 776 videns
901 742 1030 777 autem
1058 737 1142 777 Rex
1171 739 1273 789 quod
1302 752 1381 779 non
1409 746 1512 781 esset

94 805 185 833 cum
212 806 259 833 eo
289 793 472 845 magister
497 806 606 843 suus,
645 794 824 835 turbatus
851 802 910 835 aet
938 797 1047 836 valde
1074 802 1113 836 et
1140 797 1388 849 interrogauit
1409 812 1512 848 eum,

94 865 192 905 puer
217 865 312 893 uero
340 852 436 893 nihil
464 853 664 905 respondit
690 853 864 898 minime.
919 855 976 896 Et
1012 856 1255 896 similiter
1291 857 1585 899 interro-10

94 917 331 964 gauerunt
358 925 460 952 eum
489 912 750 964 principes,
780 914 951 965 quibus
979 915 1097 954 nihil
1132 915 1411 967 respondit.²
1464 917 1511 957 Et

92 970 188 1011 dixit
206 971 290 1011 Rex
317 971 574 1023 sapientibus:
615 973 719 1022 Quid
737 973 861 1013 dicitis
880 974 929 1014 de
946 974 1046 1014 hoc?
1092 974 1294 1026 Sapientes
1312 976 1509 1017 dixerunt:

91 1029 220 1079 Nunc,
247 1043 329 1081 rex,
357 1030 550 1071 Sindebar
568 1032 734 1082 quesiuit
754 1045 917 1084 puerum
936 1035 986 1073 ad
1005 1034 1275 1074 instruendum
1293 1041 1331 1074 et
1348 1035 1509 1076 fortasse

92 1089 186 1130 vidit
221 1102 288 1130 cor
322 1090 406 1130 eius
438 1090 615 1131 clausum
652 1097 690 1132 et
726 1092 830 1132 dedit
863 1092 898 1133 ei
925 1092 1126 1145 pocionem
1155 1094 1203 1133 ad
1226 1099 1234 1141 1
1257 1094 1506 1146 aperiendum
1520 1091 1649 1130 s·ll9'

92 1161 160 1189 cor
186 1148 270 1190 eius
296 1155 335 1190 et
371 1155 485 1202 potus
518 1151 638 1202 presit
674 1151 851 1204 linguam
887 1152 971 1192 eius
1007 1152 1168 1203 ideoque
1201 1153 1405 1193 obmutuit.
1465 1154 1515 1194 Vt
1536 1152 1584 1191 15

92 1214 224 1249 autem
250 1209 399 1250 audiuit
426 1210 502 1249 hoc
529 1210 627 1258 Rex,
654 1212 888 1251 uociferatus
916 1216 976 1251 est
1008 1211 1280 1252 uociferatione
1306 1226 1449 1264 magna
1475 1220 1514 1254 et

94 1281 230 1309 amara
256 1274 296 1309 et
314 1268 416 1321 cepit
431 1269 579 1321 agitare
597 1271 723 1322 capud
751 1276 789 1311 et
814 1270 980 1311 euellere
998 1271 1173 1319 barbam,
1203 1271 1383 1311 scindens
1403 1273 1512 1312 vesti-

93 1332 227 1368 menta
265 1341 348 1369 sua.
416 1329 568 1369 Interea
613 1330 719 1370 venit
765 1331 934 1381 quedam
974 1330 1190 1382 puellarum
1236 1343 1395 1371 suarum
1440 1345 1516 1383 que

90 1393 267 1428 creuerat
306 1401 397 1428 cum
439 1388 517 1428 filio
558 1388 688 1440 Regis,
729 1403 847 1440 quam
887 1390 971 1429 Rex
1015 1390 1170 1429 amabat
1211 1390 1296 1441 plus
1332 1391 1513 1431 omnibus

90 1446 332 1496 mulieribus,
359 1453 398 1488 et
430 1448 546 1489 dixit:
602 1449 768 1489 Domine
804 1449 859 1489 mi
888 1449 984 1498 Rex,
1020 1449 1053 1489 si
1090 1450 1213 1501 placet
1238 1449 1319 1497 tibi,
1347 1451 1514 1491 concede
1532 1448 1587 1488 20

91 1506 189 1547 mihi
225 1520 403 1559 puerum,
441 1508 532 1559 quia
564 1507 647 1560 ipse
680 1508 802 1560 diligit
835 1522 900 1548 me
926 1508 1026 1548 sicut
1053 1521 1228 1548 sororem
1257 1522 1386 1557 suam;
1421 1523 1514 1550 nam

89 1579 294 1617 nunquam
321 1566 392 1607 fuit
419 1566 475 1607 illi
502 1569 675 1608 ocultum
703 1569 806 1619 quod
834 1568 952 1608 michi
981 1581 1061 1607 non
1082 1568 1358 1608 manifestaret
1405 1569 1515 1609 Vnde

89 1625 250 1666 forsitan
278 1627 453 1667 suadebo
479 1626 533 1666 illi
559 1627 601 1667 in
629 1628 752 1667 uerbo
781 1633 820 1667 et
838 1628 1049 1679 intelligam
1069 1627 1102 1667 si
1120 1633 1254 1667 mutus
1272 1634 1331 1667 est
1348 1641 1399 1667 an
1420 1641 1513 1668 non.

91 1685 164 1726 Cui
190 1684 288 1725 dixit
313 1685 417 1726 Rex:
465 1686 574 1726 Tolle
602 1699 707 1727 eum.
763 1686 876 1727 Tunc
904 1687 1014 1727 duxit
1041 1700 1134 1727 eum
1163 1686 1203 1726 in
1233 1687 1449 1727 thalamum
1477 1692 1516 1727 et

91 1745 214 1785 suasit
239 1744 292 1785 illi
319 1745 360 1784 in
387 1745 520 1786 multis
545 1751 583 1786 et
611 1746 798 1786 intellexit
817 1759 980 1798 puerum
1000 1759 1068 1798 per
1087 1746 1314 1797 sapientiam
1334 1746 1512 1789 tacuisse.
1532 1745 1586 1784 25

90 1804 272 1856 Dixitque
290 1804 344 1845 ei:
378 1805 569 1857 Relinque
585 1806 661 1846 hec
682 1806 826 1846 omnia.
868 1806 1117 1857 Cognosco
1145 1806 1268 1846 enim
1297 1806 1515 1856 quoniam

92 1877 187 1904 non
230 1877 279 1905 es
318 1870 476 1905 mutus
518 1878 672 1916 neque
711 1879 895 1914 amens,
937 1866 1019 1905 sed
1066 1879 1148 1917 pro
1188 1865 1409 1905 facundia
1448 1866 1516 1905 tui

91 1923 235 1964 animi
263 1924 347 1965 hec
375 1924 599 1977 peragis.⁸
643 1926 693 1965 Vt
721 1925 826 1965 enim
855 1938 1047 1976 cognosco
1076 1925 1271 1975 quandam
1299 1926 1348 1965 de
1381 1925 1515 1976 puellis

92 1983 193 2035 regis
219 1997 330 2024 amas
367 1989 405 2023 et
440 1985 549 2036 cupis
575 1984 750 2024 invenire
792 1986 921 2024 locum
949 1997 1026 2035 quo
1054 1997 1189 2024 secum
1218 1985 1353 2024 sedeas
1380 1989 1417 2024 et
1445 1998 1515 2036 pe·

28 2078 31 2081 ,
92 2048 201 2084 tere
227 2056 332 2084 eam
358 2044 418 2084 de
444 2057 554 2096 rege
581 2050 630 2084 ut
657 2043 782 2096 ego.⁴
837 2044 949 2084 Vnde
976 2044 1188 2095 coniungas
1225 2049 1263 2083 te
1298 2044 1362 2091 illi,
1400 2043 1586 2095 quia30

91 2103 184 2143 hec
202 2108 279 2143 est
302 2103 396 2143 illa
422 2117 569 2155 quam
590 2103 779 2155 queris.
807 2104 893 2153 Que
918 2103 1022 2143 enim
1045 2104 1084 2143 in
1106 2103 1240 2155 puellis
1259 2103 1358 2154 regis
1380 2103 1515 2143 similis

93 2161 216 2202 mihi?
270 2162 331 2203 Tu
371 2163 503 2215 pulcer
542 2176 600 2212 es,
640 2170 678 2203 et
718 2176 789 2214 ego
824 2163 1004 2215 pulcrior.
1068 2161 1242 2202 Etenim⁸
1283 2168 1390 2214 pater
1426 2168 1515 2202 tuus

188 2239 225 2275 Z.
253 2240 297 2275 17
322 2251 458 2276 amare.
485 2260 528 2267 —
545 2241 659 2285 29s3o
682 2244 718 2276 et
735 2244 795 2286 pet
812 2240 858 2279 ffl
875 2244 911 2276 te
936 2240 1012 2284 regi
1029 2240 1092 2275 ubi
1109 2250 1187 2283 ego.

194 2310 208 2332 ²
231 2311 298 2346 das
331 2310 551 2347 Anerbieten
589 2311 679 2347 fehlt
714 2313 777 2354 Sn,
804 2313 860 2356 Ss,
886 2312 965 2354 LE,
989 2311 1063 2352 SN,
1088 2310 1117 2347 S
1124 2311 1191 2347 VS.
1228 2330 1274 2335 -
1314 2309 1329 2330 ²
1351 2311 1407 2351 Se,
1432 2311 1513 2355 LE,

94 2364 170 2405 SR,
194 2365 298 2409 SVS,
320 2364 411 2400 fehlt
433 2365 487 2399 Sn
510 2364 586 2400 und
615 2365 680 2409 ὃς.
707 2363 774 2401 Cr.
791 2363 851 2401 cl.
889 2384 935 2389 —
974 2363 988 2384 ⁸
1014 2375 1084 2399 nur
1108 2375 1173 2399 me.
1202 2383 1248 2390 —
1286 2362 1302 2383 ⁴
1325 2363 1515 2399 verderbte

94 2417 218 2459 Stelle;
243 2417 364 2454 Lficke
386 2417 446 2453 bei
470 2417 536 2462 ὃς.
562 2416 645 2461 Cr„
670 2417 728 2453 bei
754 2417 817 2454 el:
858 2428 921 2453 um
947 2417 1000 2453 sie
1035 2428 1101 2453 aus
1125 2417 1207 2452 dem
1233 2416 1354 2452 Hause
1390 2417 1513 2452 deinoe

95 2470 223 2506 Vaters
245 2481 291 2506 zu
315 2471 482 2512 erbitten,
508 2471 575 2507 wie
600 2471 657 2506 ich
676 2471 771 2506 denn
798 2471 891 2506 auch
917 2474 1026 2515 getan
1051 2470 1156 2507 habe.
1196 2469 1371 2514 Rodigers
1395 2469 1512 2504 Hand-

95 2524 281 2571 exemplar
303 2535 376 2560 von
407 2524 475 2568 sg.
505 2524 709 2567 (Breslaner
733 2525 810 2569 Kgl.
837 2524 941 2566 Bibl.)
975 2524 1086 2559 bietet
1118 2523 1177 2559 die
1200 2523 1307 2559 Stelle
1332 2534 1397 2558 ans
1428 2523 1511 2558 dem

95 2577 216 2614 Druck
239 2578 474 2623 voustandig:
505 2578 600 2614 deun
627 2578 709 2614 dich
742 2578 831 2614 liebt
854 2578 907 2613 sie
931 2577 1037 2613 mehr
1065 2577 1120 2612 als
1153 2576 1282 2612 deinen
1307 2576 1414 2612 Vater
1436 2575 1512 2611 und

94 2631 255 2667 slewird
271 2632 339 2667 mit
354 2630 411 2667 dir
433 2631 522 2673 sein,
547 2632 643 2667 denn
669 2631 751 2667 dieb
766 2631 871 2667 sucht
894 2630 957 2666 sie.
982 2651 1028 2658 —
1053 2634 1069 2655 ⁸
1092 2630 1168 2666 Nur
1182 2630 1307 2665 diesen
1324 2629 1399 2665 'reil
1416 2629 1514 2664 ihrer

96 2685 198 2722 Redc
220 2684 340 2721 haben
365 2686 422 2730 Sa,
446 2686 511 2730 Sn,
535 2686 614 2730 LE,
640 2685 712 2729 SN,
737 2685 812 2720 SV.
1352 2740 1370 2760 ⁸

1335 2741 1351 2768 1
