1742 3080
707 182 964 221 -21-

124 317 208 345 rem
253 317 372 356 quam
408 317 487 346 non
524 305 686 357 putauit,
722 317 900 355 magno
936 305 1107 345 dolore
1132 306 1315 345 ductus
1351 305 1444 345 iuit
1479 307 1537 345 ad

125 364 261 404 fores
294 364 461 405 balnei
497 369 545 403 et
579 363 730 406 dixit:
769 364 804 404 Ο
830 363 982 404 miser
1017 369 1064 404 et
1099 364 1194 404 iam
1228 364 1539 411 miseranda,

125 435 285 474 usque
319 436 416 475 quo
450 423 553 463 eris
590 422 915 475 subagitata?
980 423 1091 471 Veni,
1131 423 1207 463 iam
1235 428 1386 475 tempus
1413 428 1471 464 est
1498 428 1540 464 ut

126 483 273 523 redeas.
304 482 647 535 Responditvxor:
674 482 708 523 Ο
736 482 921 522 infelix
950 487 996 522 et
1023 495 1138 523 vere
1165 482 1343 523 infelix
1371 495 1539 523 cucur-

126 542 249 590 bita,
277 542 527 594 deceptus
554 541 683 582 anili
708 541 1058 589 adolescente,
1087 555 1178 592 que
1205 554 1316 593 spes
1343 541 1540 594 decepit
1584 541 1609 580 5

125 606 194 649 te,
222 606 274 641 ut
300 614 370 641 me
396 601 486 641 huc
513 601 758 641 duceres?
804 601 890 640 Dic
918 600 1038 640 mihi
1066 602 1309 651 quomodo
1336 614 1536 652 possum

124 661 184 701 ad
203 666 248 701 te
265 661 454 708 venire,
473 660 564 712 quia
582 660 659 700 iam
677 660 917 712 spopondisti
935 665 974 699 vt
992 659 1053 699 hic
1072 672 1223 699 mecum
1241 660 1420 710 gauderet
1443 661 1451 708 Ι
1474 673 1534 700 us·
1554 660 1680 701 1³29*

126 732 203 771 que
242 732 340 760 sero.
410 719 473 760 Ea
518 724 717 760 tacente
761 720 965 759 locutus
1006 724 1082 758 est
1123 718 1387 758 balneator
1427 718 1538 759 filio

126 778 259 830 regis
285 778 476 818 dicens:
504 778 539 818 Ο
576 778 797 829 pinguis,
826 778 901 828 qui
929 778 988 817 ob
1022 778 1177 829 ipsam
1204 777 1431 828 corporis
1467 777 1537 817 tui

126 836 489 889 pinguedinem
535 837 772 889 pecultus
818 850 888 884 es,
936 837 1051 887 quid
1098 836 1254 876 facis?
1326 836 1538 876 Dimitte

125 896 397 937 mulierem.
453 896 732 948 Respondit
772 895 915 935 filius
955 895 1107 947 regis:
1148 896 1182 935 Ο
1222 908 1398 943 macer,
1427 896 1540 935 sede

127 960 172 997 et
199 956 427 1007 quiesce,
464 955 580 1007 quia
615 969 702 1007 ego
728 956 903 995 laboro
933 968 1015 1006 per
1051 960 1096 994 te
1133 967 1289 1005 usque
1326 955 1380 994 ad
1416 957 1610 995 sero-10

127 1014 274 1056 tinam
302 1015 479 1056 horam.
508 1015 590 1055 Hec
603 1016 766 1055 audiens
780 1016 980 1054 balneator
998 1014 1165 1054 maiori
1192 1014 1350 1053 dolore
1369 1020 1540 1053 cometus

127 1075 314 1114 timens
351 1088 460 1115 cum
496 1074 609 1114 filio
645 1075 781 1125 regis
809 1073 966 1113 rixam
1000 1072 1196 1113 facere¹
1224 1072 1292 1112 iuit
1318 1074 1475 1113 domum
1503 1079 1541 1112 et

130 1135 269 1185 laqueo
296 1147 339 1174 se
366 1133 601 1186 suspendit.¹¹
635 1156 681 1161 —
711 1133 825 1172 Nunc
859 1146 962 1184 ergo,
996 1132 1164 1181 domine,
1201 1145 1295 1172 caue
1322 1144 1371 1171 ne
1397 1132 1541 1172 accidat

133 1193 202 1233 tibi
238 1193 337 1234 sicut
371 1193 443 1242 illi;
480 1206 574 1233 nam
601 1193 634 1232 si
670 1192 903 1233 interfeceris
931 1192 1051 1231 filium
1079 1197 1200 1238 tuum,
1235 1204 1303 1242 pre
1329 1191 1460 1231 dolore
1486 1191 1539 1231 tui

135 1251 614 1304 cordisposteamorieris.
652 1252 698 1292 Et
726 1252 859 1292 sicut
886 1264 1039 1303 supra
1066 1250 1332 1290 mulierum
1360 1251 1539 1302 sapien·
1562 1251 1610 1290 15

130 1312 251 1352 ciam
287 1312 445 1352 maior
481 1317 552 1352 est
590 1311 853 1363 sapiencia
890 1311 1133 1358 virorum,
1175 1309 1248 1349 sic
1289 1309 1539 1360 ingenium

131 1383 300 1410 eorum
326 1370 472 1410 vincit
499 1371 753 1422 ingenium
780 1368 1041 1409 virorum.⁸
1086 1369 1133 1409 Et
1152 1369 1250 1408 sicut
1268 1373 1400 1420 postea
1418 1368 1539 1420 vulpis

129 1435 189 1471 est
215 1443 336 1482 parua
361 1429 463 1470 inter
489 1430 602 1478 feras,
644 1429 698 1470 ita
733 1428 889 1480 ingenio
917 1442 988 1469 suo
1015 1428 1132 1468 vincit
1160 1441 1295 1467 omnes
1329 1428 1437 1467 seras.
1493 1427 1540 1466 Et

130 1502 226 1530 caue
253 1502 304 1530 ne
323 1489 486 1530 vincaris
513 1490 563 1530 ab
591 1502 708 1529 vxore
738 1494 815 1536 tua,
843 1489 942 1528 sicut
970 1501 1063 1527 vxor
1090 1486 1270 1527 Serue⁴
1298 1487 1384 1526 vicit
1416 1486 1540 1527 virum

130 1562 247 1589 suum
274 1549 429 1601 ingenio
456 1562 529 1589 suo
557 1548 622 1600 qui
650 1548 881 1588 fortissimus
910 1548 1027 1597 [erat]
1047 1546 1218 1586 virorum
1244 1545 1286 1585 in
1313 1550 1427 1597 gente
1453 1558 1535 1593 sua,
1557 1545 1610 1584 20

131 1614 170 1648 et
196 1621 291 1649 vxor
318 1622 390 1648 sua
415 1608 609 1660 superauit
638 1621 728 1647 eum
757 1607 911 1658 ingenio
939 1619 1022 1646 suo.
1077 1606 1180 1645 Dixit
1208 1605 1307 1645 Rex:
1337 1604 1539 1653 Quomodo

132 1667 228 1708 fuit?
268 1667 315 1708 Et
341 1668 582 1719 respondens
609 1667 765 1719 sapiens
791 1666 907 1707 dixit:

213 1778 281 1818 14.
315 1772 480 1831 [Quinti
510 1778 730 1830 sapientis
760 1777 951 1818 secunda
978 1775 1190 1816 historia:
1225 1768 1448 1827 Gladius-1

131 1844 254 1933 FVit
267 1852 423 1903 quidam
436 1849 514 1918 vir}
533 1851 864 1919 Serve-nomine
890 1850 939 1890 in
968 1849 1114 1901 proui
1129 1845 1540 1916 P⁰i³.¹3²¹3⁵.¹⁰¹¹i⁸’⁸

216 1911 341 1951 alacer
359 1916 397 1951 et
415 1911 535 1951 sortis.
577 1911 725 1951 Accidit
743 1916 872 1950 autem
892 1915 934 1949 ut
952 1923 1041 1949 cum
1060 1909 1284 1948 festinancia
1297 1908 1472 1947 mlhtarct
1490 1906 1538 1946 ad

130 1969 353 2010 bellandum
389 1983 478 2010 cum
511 1971 623 2010 hoste
659 1983 743 2010 suo.
798 1970 865 2009 Illo
903 1974 1031 2008 autem
1069 1973 1183 2007 eunte
1211 1980 1304 2007 vxor
1340 1978 1410 2006 sua
1435 1964 1538 2005 misit
1556 1968 1609 2007 25

131 2030 180 2070 ad
206 2028 398 2070 amicum⁷
425 2043 553 2078 suum,
582 2034 621 2069 vt
648 2029 795 2069 veniret
822 2034 859 2069 et
885 2028 1157 2068 concumberet
1184 2039 1327 2066 secum.
1381 2024 1538 2064 Amicus

225 2130 262 2167 Z.
279 2131 302 2166 3
319 2130 517 2175 subagiata.
544 2151 590 2158 —
617 2131 661 2166 12
685 2130 806 2166 risam.
831 2148 876 2154 —
904 2130 946 2165 17
965 2141 1001 2165 u.
1020 2129 1064 2164 18
1080 2128 1175 2164 vicit.
1201 2148 1246 2154 -
1272 2127 1319 2162 ΞΟ
1341 2129 1416 2161 erat
1440 2124 1538 2160 fehlt.

132 2185 179 2220 26
202 2184 266 2220 me
290 2187 423 2221 autem.
449 2205 495 2211 —
519 2185 566 2220 26
590 2184 817 2220 concuberet.

225 2259 238 2281 ¹
264 2256 341 2292 dioe
373 2256 461 2292 alloe
494 2266 564 2291 nur
594 2254 632 2290 in
666 2266 721 2290 me
753 2254 950 2290 enthalten.
991 2253 1032 2288 In
1056 2252 1155 2288 SVB
1188 2251 1280 2286 noch
1314 2249 1415 2285 Rolle
1439 2247 1539 2283 eines

131 2309 326 2352 Kindleins,
370 2310 435 2345 das
475 2308 541 2344 der
572 2308 705 2344 Mutter
736 2307 872 2343 bedarf.
917 2326 960 2332 —
1007 2305 1022 2326 ²
1054 2317 1094 2342 er
1125 2307 1237 2341 stunt
1267 2303 1343 2339 sich
1367 2302 1539 2338 herunter

133 2363 242 2398 SVB.
292 2383 335 2390 —
387 2361 402 2383 ⁸
440 2374 496 2398 ms
527 2376 571 2392 =
601 2361 669 2407 Sg.
698 2361 785 2408 Gr„
833 2361 993 2406 dagegen
1029 2358 1105 2397 GL:
1155 2358 1223 2393 wie
1263 2358 1325 2392 der
1365 2353 1537 2390 Verstand

131 2416 196 2452 der
218 2416 312 2453 Fran
344 2416 453 2452 leicht
482 2416 539 2458 ist,
573 2427 614 2451 so
650 2416 729 2451 ihre
765 2415 840 2450 List
864 2413 1086 2458 gefabrvoll).
1125 2431 1165 2438 —
1195 2410 1210 2431 ⁴
1233 2411 1304 2446 skr.
1326 2407 1467 2457 Cana?
1490 2425 1537 2432 —

133 2468 150 2489 ⁸
184 2470 243 2505 ein
278 2470 443 2514 Reisiger
479 2469 634 2515 Elparnk
658 2468 742 2515 830,
778 2467 836 2503 ein
879 2467 996 2503 Ritter
1041 2465 1184 2502 Elfaruk
1229 2463 1309 2510 Gr„
1344 2462 1402 2498 ein
1446 2459 1536 2496 Held

132 2522 346 2559 Holofernae
370 2522 446 2570 01„
470 2523 528 2558 ein
554 2522 759 2558 Kaufmann
784 2522 886 2556 SVS.
914 2539 955 2547 —-
984 2519 999 2540 ⁸
1022 2519 1072 2555 im
1098 2518 1219 2555 Lande
1243 2517 1367 2552 Sinear
1388 2514 1455 2558 83.
1471 2512 1535 2550 Gr.

131 2575 194 2623 cl,
217 2577 255 2612 in
279 2577 344 2612 der
358 2577 461 2612 Stadt
476 2576 570 2621 Sap&
595 2576 658 2611 dos
675 2574 908 2620 Konigreichs
925 2573 1044 2618 Balqts
1068 2572 1145 2608 SN.
1170 2592 1215 2598 —
1241 2573 1255 2594 ⁷
1278 2580 1360 2606 zum
1385 2565 1536 2602 Wass'en·

131 2632 252 2674 trager
285 2630 386 2666 einoe
414 2629 548 2672 Konigs
575 2630 639 2673 Sn,
675 2628 846 2663 Soldaten
882 2627 936 2669 Se,
974 2626 1037 2661 des
1065 2625 1198 2671 Konigs
1226 2623 1432 2659 Vetti-auten
1458 2619 1535 2662 LE,

130 2682 265 2729 jungeri
291 2682 434 2720 Offlzier
457 2683 530 2728 SN,
555 2683 656 2726 SVS,
686 2681 963 2725 Schwerttrager
986 2679 1097 2715 SVH.
