1742 3080
776 222 1034 261 „20-

201 347 334 387 videns
361 359 451 386 eum
479 350 646 386 stantem
673 345 714 385 in
743 346 880 386 arbore
908 345 1007 397 cepit
1045 346 1161 386 ficum
1188 346 1369 386 dentibus
1397 346 1610 398 rumpere.¹

200 407 328 447 Homo
368 410 497 446 autem
536 403 813 456 ingeniose²
850 405 947 456 cepit
981 404 1121 445 iactare
1162 405 1258 445 ficus
1285 406 1333 445 de
1360 405 1509 453 arbore,
1544 418 1611 445 sus

199 471 328 507 autem
356 465 457 516 cepit
483 464 565 504 illas
593 465 840 504 manducare.
896 463 1168 504 Deficientibus
1187 469 1318 504 autem
1337 465 1487 504 ficubus
1513 465 1612 516 cepit

199 530 313 577 caput
340 525 484 576 erigere
511 528 647 564 contra
673 523 886 571 hominem,
916 523 1097 574 quatinus
1125 524 1161 563 ei
1187 524 1236 563 de
1264 523 1413 564 ficubus
1441 523 1610 572 iactaret,

155 587 180 625 5
201 591 238 626 et
266 589 420 624 tantum
433 583 600 635 respexit
628 596 730 631 eum,
759 588 802 622 ut
822 582 931 622 nerui
951 582 1034 623 eius
1061 582 1150 623 torti
1178 589 1271 623 sunt
1298 589 1335 623 et
1355 596 1422 622 sus
1437 589 1614 623 mortuus

198 643 291 685 est.⁸
322 666 367 672 —
397 644 453 683 Ita
481 648 518 683 et
545 637 640 683 deus
667 642 778 682 faciet
804 642 899 682 mihi
920 642 1126 682 vindictam
1146 643 1194 683 de
1211 648 1260 683 te.
1304 643 1416 682 Tunc
1443 642 1612 694 precepit

198 717 267 744 rex
295 703 413 743 occidi
442 703 562 742 filium
590 715 718 743 suum.

197 756 273 845 IN
293 763 426 814 quinta
445 768 573 802 autem
593 762 653 801 die
671 762 776 802 venit
793 761 1034 802 consiliarius
1053 761 1153 812 regis
1181 766 1219 801 et
1247 766 1460 813 prostratus
1479 773 1610 800 coram

266 836 310 863 eo
339 821 452 862 dixit:
482 822 590 873 Rogo
619 826 667 870 te,
696 820 854 861 domine
882 821 979 868 Rex,
1007 821 1155 861 asculta
1179 820 1383 861 consilium
1411 833 1544 860 meum
1572 826 1610 860 et

130 887 181 928 10
197 895 294 922 non
323 881 480 922 facies
508 880 666 920 occidi
695 880 860 920 filium
888 878 1060 929 tuum‚⁴
1074 893 1124 920 ne
1142 880 1313 931 peniteas
1333 880 1430 919 sicut
1450 879 1611 931 penituit

197 942 352 992 quidam
379 941 511 988 homo,
541 940 606 990 qui
634 945 716 980 erat
743 940 925 979 domiuus
953 939 1094 979 balnei.
1150 939 1253 979 Dixit
1271 939 1378 979 Rex:
1406 939 1611 987 Quomodo

198 1001 292 1040 fuit?
345 1000 391 1039 Et
419 999 480 1039 ille
508 999 580 1039 ait:

275 1111 338 1152 13.
374 1105 536 1163 [Quinti
565 1109 782 1161 sapientis
812 1109 954 1160 prima.
982 1109 1195 1150 historia:
1228 1105 1518 1164 Balneatord

55 1192 178 1234 f.129r
257 1190 392 1230 Vidarn
423 1189 522 1229 filius
550 1163 654 1240 regi}
674 1189 743 1228 iuit
769 1190 818 1228 ad
855 1189 1037 1228 balneum
1066 1201 1183 1228 causa
1218 1189 1372 1228 lavandi
1401 1202 1443 1229 se
1470 1202 1609 1241 corpus

284 1263 410 1298 suum,
426 1254 588 1289 etcum
616 1249 905 1300 expoliaret
934 1246 1130 1288 vestes⁶
1149 1253 1187 1288 et
1202 1248 1345 1288 videret
1363 1261 1452 1289 eum
1469 1245 1610 1310 donjg'i's

129 1311 176 1349 15
196 1309 322 1349 balnei
338 1309 439 1359 quod
454 1313 555 1348 esset
567 1307 731 1359 pinguis,
745 1308 844 1359 cepit
858 1308 960 1347 flere.
982 1307 1053 1347 Cui
1067 1307 1161 1347 dixit
1174 1307 1274 1347 filius
1287 1308 1404 1359 regis:
1422 1308 1500 1348 Cur
1512 1310 1581 1349 sses
1590 1314 1609 1349 ?

195 1368 297 1407 Dixit
315 1369 536 1407 balneator:
569 1368 683 1407 Pater
702 1373 792 1407 tuus
819 1367 890 1406 fuit
908 1367 1068 1407 dilectus
1095 1367 1145 1407 ab
1173 1367 1356 1407 omnibus
1384 1373 1421 1407 et
1451 1367 1610 1408 faciebat

193 1428 317 1479 legem
331 1432 368 1467 et
381 1427 570 1467 iusticiam
583 1426 624 1466 in
640 1427 781 1478 populo
796 1439 879 1467 suo.
924 1426 1039 1466 Nunc
1053 1431 1182 1466 autem
1206 1426 1336 1475 timeo,
1352 1440 1402 1467 ne
1421 1428 1609 1467 memoria

194 1487 429 1544 eiuspereat.
459 1486 597 1526 Dixit
625 1485 769 1525 filius
798 1485 943 1538 regis:
972 1486 1065 1525 Pro
1095 1499 1185 1536 qua
1211 1485 1423 1527 causa?⁶
1450 1487 1607 1527 Aitille:

194 1546 294 1594 Quia
320 1546 456 1596 nequis
492 1545 598 1597 iungi
631 1545 857 1585 mulieribus
893 1550 936 1585 ut
972 1558 1059 1584 mos
1095 1550 1164 1585 est.
1221 1545 1323 1585 Dixit
1357 1546 1456 1586 filius
1486 1546 1606 1598 regis:

123 1609 176 1648 20
194 1605 334 1657 Accipe
361 1610 516 1645 centum
544 1606 672 1645 soldos
700 1610 737 1645 et
765 1606 907 1644 aducas
936 1606 985 1645 ad
1012 1618 1076 1644 me
1102 1604 1302 1645 mulierem
1340 1606 1525 1657 pulcram,
1562 1612 1608 1646 et

194 1669 244 1704 tu
274 1665 464 1716 poteris
492 1664 650 1704 videre
677 1665 719 1704 si
748 1678 943 1715 possum
972 1664 1235 1704 mulierem
1264 1664 1607 1716 cognoscere.⁷

193 1724 295 1763 Dixit
322 1725 541 1764 balneator:
571 1725 656 1775 Ipse
684 1737 764 1764 non
793 1728 918 1775 potest
945 1723 1113 1776 copulari
1143 1737 1232 1764 cum
1260 1724 1417 1773 femina,
1445 1730 1483 1765 et
1510 1738 1607 1765 vxor

192 1796 279 1823 mea
298 1784 405 1823 valde
434 1783 593 1835 pulchra
620 1788 699 1823 est:
730 1784 868 1823 ducam
897 1796 967 1835 ego
996 1797 1082 1823 earn
1102 1783 1174 1823 sibi
1203 1789 1240 1823 et
1268 1783 1430 1823 lucrahit
1449 1790 1606 1824 centum

193 1843 333 1883 soldos.
389 1843 474 1883 Hoc
501 1843 704 1894 cogitando
743 1842 937 1894 inquid:
966 1843 1204 1883 Formose
1240 1843 1468 1892 iuuenis,
1506 1844 1606 1883 for-

122 1905 173 1944 25
193 1902 379 1941 mosior
406 1916 430 1942 a
456 1915 528 1941 me
556 1901 647 1941 tibi
676 1903 885 1942 ducetur
922 1902 1206 1942 iuuencula.
1263 1902 1349 1951 Quo
1378 1902 1478 1942 dicto
1506 1904 1605 1942 velo·

192 1960 284 2001 citer
312 1961 478 2001 cucurrit
505 1963 666 2001 domum
694 1967 731 2002 et
759 1975 918 2002 vxorem
947 1975 1059 2002 suam
1087 1962 1219 2002 aduxit
1255 1962 1304 2001 ad
1341 1961 1462 2001 filium
1490 1961 1603 2014 regis.

191 2020 296 2068 Qua
313 2020 420 2060 visa
447 2021 656 2072 gauisus
686 2026 755 2061 est
782 2021 931 2061 filius
959 2021 1092 2072 regis
1112 2021 1254 2061 valde
1281 2026 1327 2061 et
1356 2021 1604 2061 osculatus

191 2085 267 2119 est
308 2093 410 2119 eam
450 2080 593 2120 valde
635 2080 764 2120 satis
805 2085 852 2120 et
891 2079 1018 2120 dixit
1062 2079 1369 2120 balneatori:
1412 2081 1605 2121 Recede

191 2144 238 2178 et
276 2139 356 2178 abi
397 2139 445 2179 in
483 2140 647 2179 aulam
684 2140 854 2188 aliam,
892 2140 1005 2192 quia
1043 2139 1137 2180 iam
1174 2139 1390 2180 delector
1425 2140 1603 2180 facere.

121 2200 175 2240 30
193 2198 472 2250 Respondit
502 2199 787 2239 balneator:
817 2200 909 2239 Fac
937 2201 1066 2250 quod
1094 2204 1250 2250 potes.
1299 2199 1354 2238 Et
1381 2200 1604 2250 gaudens

191 2257 405 2298 recessit
441 2259 844 2310 gaudentemque
890 2259 1029 2299 illum
1068 2257 1266 2298 dimisit.
1328 2258 1604 2310 Speculabatur

190 2322 320 2356 tamen
339 2331 363 2357 a
390 2330 510 2368 paruo
538 2318 736 2358 foramine.
780 2319 869 2358 Mox
889 2318 954 2358 ubi
974 2318 1066 2358 vidit
1085 2319 1187 2369 quod
1207 2317 1307 2358 filius
1325 2317 1424 2369 regis
1444 2318 1605 2358 faciebat

283 2423 321 2459 Z.
341 2425 384 2459 19
410 2435 505 2461 mox.
532 2445 578 2451 —-
602 2426 646 2461 27
673 2425 889 2463 absculatus.
916 2445 962 2450 —
987 2426 1033 2461 28
1057 2425 1254 2461 balneario.
1279 2446 1324 2452 —
1348 2425 1395 2460 29
1419 2424 1578 2461 dilector.

288 2501 301 2522 ¹
326 2503 395 2539 MS
420 2502 684 2548 eigentfimlich,
726 2522 766 2529 -
806 2501 822 2523 ²
845 2503 972 2538 Zusatz
1002 2514 1067 2538 ma.
1114 2523 1159 2529 —
1207 2500 1222 2523 ⁸
1249 2502 1314 2538 das
1347 2501 1602 2537 Wildschwein

190 2555 329 2600 springt
354 2556 419 2591 auf
441 2556 511 2591 den
535 2556 650 2592 Baum
668 2557 742 2592 und
760 2556 877 2592 bricht
893 2557 971 2592 sich
987 2556 1058 2591 den
1074 2555 1162 2591 Hals
1187 2556 1259 2591 SN.
1289 2575 1328 2581 —
1357 2554 1373 2575 ⁴
1396 2566 1507 2590 ma=
1522 2556 1602 2596 LE,

192 2609 298 2645 SVB.
330 2630 374 2637 —
414 2608 428 2630 ⁶
452 2620 522 2645 nur
546 2622 609 2646 ms.
655 2631 691 2637 —-
732 2609 747 2631 ⁶
770 2610 898 2646 Zusatz
923 2621 986 2645 ms.
1024 2629 1069 2635 —
1110 2609 1123 2630 ⁷
1147 2609 1372 2645 m⁸=SVB
1402 2607 1602 2653 (geanderte

190 2660 369 2698 vielleicht
402 2663 542 2699 erfahre
575 2663 645 2708 ich,
682 2663 729 2699 ob
766 2663 824 2699 ich
856 2663 1126 2700 Nachkommen
1159 2662 1377 2698 bekommen
1411 2662 1508 2698 kann
1532 2661 1600 2706 83.

1728 2514 1742 2659 Ξ

1727 2661 1742 2713 :l

1728 2715 1742 2766 ,ες
