1742 3080
722 180 979 220 ..31-

147 299 308 341 Maritus
334 306 465 341 cutem
491 301 629 341 uolens
655 302 704 342 de
728 302 804 342 hoc
830 303 1027 344 certificari
1054 305 1189 346 turrim
1211 306 1395 359 apperuit.
1442 308 1550 349 Miles

148 371 242 399 uero
276 372 345 411 per
380 360 554 400 foramen
587 360 652 400 uia
688 361 854 402 breuiori
891 363 1150 415 pertransiens
1180 365 1336 406 domine
1361 367 1548 409 annulum

146 418 283 459 redidit
321 424 360 460 et
399 431 580 460 reuersus
618 425 688 460 oet.
743 420 919 473 Cumque
950 423 1111 463 maritus
1143 423 1311 476 viginti
1341 426 1549 467 clauatas

145 477 324 530 aperiens
351 478 487 519 turrim
519 479 768 527 ascendisset,
795 482 983 521 annulum
1009 482 1050 522 in
1073 482 1190 534 digito
1220 484 1375 525 domine
1393 485 1548 527 invenit.
1567 487 1690 529 [1352

146 536 308 589 Propter
352 538 456 589 quod
501 538 631 578 omnis
666 538 831 579 coesauit
864 540 1043 592 suspicio.
1108 543 1239 583 Altera
1273 544 1334 584 die
1369 545 1548 586 dominus
1592 548 1617 587 5

144 597 260 637 castri
286 597 447 650 cupiens
462 597 678 638 venationis
696 598 838 638 solacio
856 600 1018 640 recreari
1035 600 1168 652 petiuit
1187 615 1210 641 a
1228 602 1346 642 milite
1366 603 1398 643 si
1416 616 1547 644 secum

145 661 327 697 venatum
363 669 522 709 pergere
554 657 676 697 vellet.
739 658 792 697 At
823 658 933 698 miles
965 660 1181 711 respondit:
1226 661 1399 710 Quedam
1429 664 1547 703 dami-

144 715 240 755 cella
274 729 297 755 a
332 728 396 756 me
430 729 547 767 quam
581 716 789 768 plurimum
823 717 958 758 dilecta
991 718 1072 758 beri
1106 720 1154 759 de
1181 720 1351 771 partibus
1377 721 1473 761 meis
1498 723 1547 762 ad

142 787 207 814 me
246 774 362 822 venit,
403 788 492 815 eum
532 788 610 826 qua
649 782 797 827 oportet
837 790 901 816 me
937 783 1038 828 post
1081 779 1283 819 triduum
1323 780 1545 831 repatriare:

142 846 236 885 rogo
264 839 306 874 ut
332 847 465 875 amore
491 833 612 886 ipsius
639 836 752 875 bodie
779 849 932 876 mecum
959 837 1190 888 prandeatis.
1244 838 1318 887 Qui
1346 839 1544 879 concessit.
1569 841 1618 880 10

141 892 332 933 Dominus
358 898 488 933 autem
515 898 606 933 ante
633 895 837 945 prandium
871 902 1052 935 venatum
1081 897 1160 944 iuit,
1195 903 1232 937 et
1259 898 1411 937 interim
1438 899 1546 939 miles

141 951 314 992 foramen
350 953 465 992 turris
506 953 666 1004 aperuit,
700 959 738 994 et
770 955 928 994 domina
960 955 1167 1003 descendit,
1202 962 1239 996 et
1273 970 1421 1008 pannos
1448 971 1546 1008 quos

141 1010 219 1051 iam
252 1012 392 1053 fecerat
428 1013 477 1052 ad
516 1014 676 1053 modum
712 1018 813 1053 terre
845 1027 915 1053 sue
947 1014 1144 1054 dominam
1186 1015 1308 1055 induit
1344 1022 1382 1056 et
1409 1017 1545 1056 marito

140 1083 298 1111 reuerso
329 1071 446 1112 huius
478 1071 534 1111 rei
562 1072 683 1112 inscio
711 1071 821 1112 miles
848 1073 896 1112 ad
924 1086 1100 1113 mensam
1129 1075 1266 1125 posuit.
1320 1075 1395 1124 Qui
1421 1075 1542 1127 suspi-

140 1135 249 1170 catus
282 1143 368 1170 eam
401 1144 488 1171 esse
523 1144 635 1171 suam
670 1145 825 1171 vxorem
860 1133 1059 1173 comedere
1091 1146 1171 1173 non
1204 1134 1335 1185 potuit.
1390 1135 1545 1175 Eleuata
1565 1135 1615 1174 15

140 1202 277 1230 mensa
304 1190 416 1230 milae
442 1203 532 1230 cum
560 1190 719 1230 domino
745 1192 848 1230 foras
875 1192 993 1231 exiuit
1019 1197 1056 1232 et
1084 1192 1121 1232 in
1151 1193 1246 1232 turri
1268 1194 1423 1233 domina
1440 1193 1544 1234 intus

140 1262 305 1289 manens
331 1248 510 1289 habitum
536 1251 724 1290 mutando
750 1251 923 1302 proprias
951 1257 1075 1291 vestes
1102 1252 1223 1291 induit
1250 1258 1287 1292 et
1315 1253 1449 1292 turrim
1477 1266 1543 1304 per

140 1307 313 1349 foramen
340 1308 510 1349 intrauit.
566 1309 754 1349 Dominus
781 1323 898 1360 quam
925 1310 1043 1350 cicius
1071 1312 1191 1362 potuit
1217 1312 1352 1351 turrim
1374 1313 1544 1352 aseendit

139 1372 178 1407 et
204 1366 257 1407 ibi
274 1367 422 1408 invenit
439 1368 635 1408 dominam
655 1374 698 1408 ut
716 1369 873 1409 solebat.
915 1369 996 1410 eui
1016 1370 1149 1410 dixit:
1178 1371 1363 1411 Amasia
1380 1371 1542 1411 militis

139 1426 229 1467 tibi
254 1440 335 1479 per
362 1427 518 1468 omnia
544 1427 714 1468 similis
742 1434 824 1468 est.
871 1429 922 1469 Et
949 1429 1030 1470 illa
1055 1430 1312 1482 respondit:
1346 1430 1614 1471 Pulchre20

138 1491 248 1526 sunt
280 1500 368 1538 que
400 1487 491 1527 sibi
523 1486 724 1527 inuicem
766 1488 1101 1529 assimilantur.
1163 1490 1276 1529 Mane
1312 1495 1440 1529 autem
1480 1491 1542 1530 ad-

139 1546 316 1586 veniente
346 1546 457 1586 milae
483 1547 532 1587 ad
559 1547 742 1587 maritum
769 1548 955 1587 accedens
982 1548 1130 1599 rogauit
1157 1562 1245 1588 eum
1274 1555 1315 1588 ut
1349 1549 1475 1601 ipsum
1502 1549 1542 1588 in

138 1605 443 1673 desponsacione
469 1619 539 1646 sue
566 1607 711 1646 amasie
736 1607 933 1647 asociaret.
974 1607 1050 1655 Qui
1076 1607 1264 1647 concessit
1291 1613 1329 1647 et
1353 1608 1452 1647 inter
1469 1607 1543 1647 alia

138 1665 326 1717 proprie
353 1666 511 1706 onris
538 1666 736 1718 digitum
764 1667 966 1706 tenendo
999 1667 1110 1706 militi
1137 1667 1325 1706 annulum
1362 1667 1541 1718 inposuit.

137 1724 288 1773 Quibus
321 1725 484 1776 peractis
520 1726 630 1766 miles
657 1739 747 1765 cum
774 1726 932 1766 domina
958 1731 1108 1778 captata
1134 1726 1291 1766 licencia
1318 1739 1458 1766 nauem
1484 1740 1542 1766 as·
1560 1725 1612 1765 25

137 1783 266 1824 cendit
292 1789 329 1824 et
355 1784 492 1824 leuatis
519 1785 629 1825 uellis
657 1784 888 1836 repatriauit.
944 1785 1132 1825 Dominus
1160 1791 1288 1825 autem
1316 1786 1441 1833 castri,
1478 1785 1543 1836 qui

137 1842 299 1883 militem
332 1848 371 1883 et
410 1857 569 1884 onrem
606 1844 800 1896 propriam
827 1843 977 1885 iuuerat
1010 1844 1173 1893 sociare,
1202 1858 1381 1885 reuersus
1408 1845 1543 1884 turrim

136 1902 309 1942 ascendit
335 1907 373 1943 et
399 1903 598 1943 dominam
627 1916 707 1943 non
736 1903 940 1943 inueniens
967 1905 1013 1944 de
1034 1905 1165 1944 traude
1183 1904 1349 1956 percepit
1367 1910 1404 1944 et
1422 1917 1544 1955 usque

135 1962 186 2001 ad
211 1967 378 2002 mortem
405 1962 652 2003 contristatus
675 1965 683 2009 1
707 1964 903 2003 remansit.
934 1987 981 1992 —
1539 1961 1664 2001 2135*

241 2020 457 2061 Audisti¹
483 2021 658 2073 itaque,
688 2028 835 2074 pater,
865 2028 909 2063 et
934 2023 1036 2063 luce
1057 2023 1231 2063 clarius
1250 2036 1303 2062 ex
1322 2022 1543 2075 predictis
1561 2021 1615 2060 30

135 2081 363 2132 exemplis
389 2082 638 2122 aduertere
664 2082 862 2133 potuisti
889 2083 1009 2133 quod
1028 2083 1216 2122 infinite
1234 2081 1544 2122 suntmalicie

135 2139 395 2180 mulierum.
450 2140 646 2193 Propter
687 2142 806 2192 quod
848 2141 915 2181 eis
955 2142 1225 2182 nullatenus
1259 2147 1329 2182 est
1355 2142 1543 2181 creden·

136 2199 256 2239 dum.
307 2199 467 2240 Voluit
491 2213 563 2240 me
590 2214 702 2240 vxor
730 2206 807 2240 tua
834 2201 1080 2252 perimere,
1121 2201 1226 2252 quia
1252 2213 1333 2241 sue
1360 2199 1544 2240 libidini

136 2258 266 2298 nolui
302 2260 588 2300 consentire.
643 2260 823 2311 Regina
858 2273 969 2300 uero
1000 2260 1154 2300 omnia
1181 2259 1369 2311 negauit
1395 2263 1438 2298 et
1463 2258 1543 2298 im·

134 2322 398 2369 peratorem
426 2319 480 2358 ad
509 2318 756 2359 vindictam
784 2319 883 2359 suis
915 2320 1115 2371 fallacijs
1143 2319 1371 2358 incitauit.
1425 2316 1612 2358 con-35

134 2376 350 2417 siderans
369 2383 522 2417 autem
541 2391 656 2430 puer
674 2392 723 2418 se
750 2392 852 2418 esse
880 2378 1213 2430 inculpabilem
1232 2377 1349 2417 dixit
1368 2377 1542 2428 regine:

134 2435 206 2476 Sit
241 2448 296 2475 ex
334 2442 466 2488 parte
500 2443 578 2477 tua
605 2438 682 2488 qui
710 2438 914 2477 duellum
944 2438 1100 2485 faciat,
1128 2443 1176 2477 ut
1202 2438 1324 2477 inter
1351 2450 1434 2476 nos
1460 2436 1544 2475 bec

227 2567 265 2603 Z.
285 2568 303 2602 1
329 2568 505 2613 apparuit.
530 2587 575 2594 ——
600 2569 648 2604 24
672 2569 786 2605 miles.
812 2590 856 2595 —
882 2569 929 2604 25
953 2568 1151 2604 licenciam.
1182 2588 1228 2595 —
1252 2568 1299 2603 26
1323 2567 1542 2613 rapmriauit.

232 2667 244 2688 ¹
266 2668 320 2704 Zu
342 2668 426 2705 dem
450 2669 694 2716 eigeuartigen
718 2670 910 2715 Ausgange
935 2681 1006 2705 von
1031 2682 1084 2706 m
1108 2669 1178 2714 νει.
1198 2668 1301 2711 nint,
1325 2679 1359 2713 p.
1376 2667 1466 2703 XXI.
