1742 3080
1280 119 1315 154 Q

778 173 1011 212 -8-

185 297 310 349 picam
338 303 376 337 et
402 296 515 337 dixit:
555 297 645 337 Non
672 296 798 337 vidisti
816 295 988 348 aliquid?
1036 296 1148 336 Tunc
1167 295 1252 347 pica
1269 295 1384 336 dixit:
1421 295 1600 344 Domine,

185 357 277 408 quid
303 356 409 409 potui
437 356 589 397 videre?
633 356 732 396 Tota
760 362 872 397 nocte
901 356 1055 396 fuerunt
1073 355 1241 395 tonitrua
1260 361 1298 396 et
1315 355 1600 396 coruscationes

185 423 224 458 et
263 417 401 469 pluuie.
457 416 561 456 Dixit
595 416 735 456 homo:
778 415 853 457 Ubi
881 415 1036 456 fuerunt
1063 415 1226 467 fulgura,
1255 414 1540 455 coruscationes
1565 420 1603 455 et

186 476 384 517 tonitrua?
437 476 610 525 Qualiter
636 476 713 516 hoc
740 475 928 524 mentiris,
961 475 1016 515 sic
1042 474 1204 515 mentita
1231 487 1272 514 es
1301 487 1416 526 super
1443 487 1602 514 vxorem

144 537 168 575 5
187 549 328 577 meam.
383 536 471 585 Quo
498 535 600 576 dicto
627 536 753 587 picam
782 534 938 575 occidit¹
967 539 1005 575 et
1036 534 1237 574 mulierem
1265 535 1314 574 ad
1346 547 1388 574 se
1406 533 1604 574 reuocauit

186 600 224 636 et
251 595 355 636 dedit
372 595 407 636 ei
425 596 529 635 dona
553 600 593 637 ,et
621 595 841 646 pacificatus
869 600 927 635 est
955 608 1044 635 cum
1064 593 1143 635 ea.8
1165 615 1210 622 —-
1232 594 1344 646 Ergo,
1375 593 1531 633 domine
1549 593 1604 633 mi

186 655 284 704 Rex,
311 655 389 695 vita
414 654 569 695 falacias
596 654 815 703 mulierum,
852 667 903 694 ne
930 655 1027 694 forte
1054 653 1241 705 dissipent
1268 652 1454 693 caniciem
1483 658 1603 692 tuam.

187 715 274 767 Hijs
301 713 441 755 auditis
467 714 580 754 iussit
606 714 690 754 Rex
719 727 798 753 non
827 714 947 754 occidi
974 713 1097 753 filium
1125 726 1252 753 suum.

187 773 356 862 Altera
391 784 521 820 autem
561 779 623 820 die
664 779 766 820 venit
803 793 898 819 vxor
932 779 1032 830 regis
1068 783 1106 819 et
1141 778 1275 818 cecidit
1302 779 1350 818 ad
1378 780 1494 830 pedes
1523 777 1607 817 eius

120 837 170 876 10
287 845 325 881 et
352 839 467 881 dixit:
496 839 649 882 Audisti
669 839 873 879 consilium
902 844 1057 879 tuorum
1076 838 1364 878 consiliatorum
1394 837 1471 889 qui
1499 842 1607 877 sunt

188 900 330 953 impij
358 905 405 940 et
432 897 672 947 falaces‚⁸
712 911 784 939 nec
812 898 907 938 facis
935 897 1142 938 vindictam
1171 898 1236 950 filij
1265 898 1320 937 tui
1349 898 1414 949 qui
1442 897 1606 948 quesiuit

188 960 426 1001 denudare
453 957 629 999 vestes⁴
657 959 788 1010 patris.
844 958 956 998 Vnde
984 957 1112 997 videas
1140 963 1182 997 tu
1210 963 1247 997 et
1284 957 1384 997 filius
1418 961 1507 997 tuus
1535 957 1608 996 tui-

190 1032 266 1071 que
293 1018 569 1067 consiliatores,
599 1031 649 1058 ne
677 1017 821 1058 cadatis
850 1016 949 1057 sicut
976 1017 1109 1057 cecidit
1135 1017 1286 1057 lauator
1312 1017 1352 1056 in
1373 1016 1608 1068 profundum

101 1079 116 1087 ‘
190 1078 296 1132 fluuij
326 1083 363 1119 et
392 1078 492 1118 filius
522 1077 604 1118 eius
633 1082 671 1117 et
699 1077 827 1117 frater.
882 1076 986 1116 Dixit
1013 1076 1047 1117 ei
1075 1076 1177 1117 Rex:
1220 1075 1289 1116 Dic
1316 1076 1511 1127 quomodo
1540 1075 1611 1115 fuit

123 1133 172 1172 15
189 1138 276 1178 hoc.
332 1138 400 1178 Illa
427 1137 541 1177 dixit:

415 1238 467 1296 [Β.
498 1242 695 1292 Reginae
727 1241 871 1293 prima
899 1241 1109 1281 historia:
1142 1235 1381 1293 lavator-l

190 1310 303 1400 Fvit
337 1317 493 1368 quidam
532 1316 588 1356 vir
613 1316 764 1356 lauator
792 1314 1110 1355 vestimentorum
1138 1314 1178 1354 in
1210 1313 1370 1354 ssumine
1398 1312 1609 1361 Fixon,⁶

278 1376 387 1417 cuius
428 1376 529 1416 filius
568 1376 724 1415 ludebat
765 1374 805 1414 in
846 1374 929 1426 ripa
963 1373 1145 1414 fluminis.
1209 1373 1324 1414 Pater
1360 1379 1490 1414 autem
1527 1386 1607 1413 non

193 1434 519 1488 prohibebat⁶
556 1448 658 1484 eum,
696 1447 820 1485 usque
855 1435 948 1474 dum
986 1434 1132 1474 veniret
1164 1434 1205 1473 in
1232 1433 1362 1473 locum
1390 1446 1544 1482 cauum,
1572 1437 1609 1473 et

51 1495 180 1536 f.122v
198 1509 369 1536 mersum
389 1500 447 1536 est
474 1500 614 1548 caput
642 1493 778 1536 eius.'‘
819 1493 997 1534 Cucurrit
1015 1499 1121 1546 pater
1145 1495 1151 1541 Ι
1176 1494 1225 1533 ad
1243 1493 1487 1533 liberandum
1505 1506 1609 1541 eum,

124 1555 177 1594 20
194 1561 231 1596 et
258 1557 389 1607 lapsus
416 1560 474 1596 est
501 1568 570 1607 pes
598 1554 680 1595 eius
707 1555 748 1594 in
774 1555 900 1594 lutum
929 1558 966 1593 et
994 1553 1128 1594 cecidit
1156 1552 1196 1592 in
1224 1566 1378 1604 aquam.
1432 1551 1611 1593 Cucurrit

193 1614 331 1656 frater⁸
367 1615 449 1655 eius
486 1616 534 1655 ad
560 1614 805 1655 liberandum
833 1626 912 1662 eos,
951 1618 989 1654 et
1015 1613 1089 1665 ipsi
1116 1613 1429 1664 aprehenderunt
1457 1625 1610 1664 pannos

194 1675 276 1715 eius
304 1680 342 1715 et
368 1674 516 1726 grauati
545 1675 663 1715 mersi
691 1679 783 1714 sunt
809 1673 850 1713 in
878 1673 1114 1725 profundum
1142 1677 1380 1713 tenentes
1408 1685 1459 1712 se
1486 1671 1611 1711 inui-

195 1732 332 1775 cem.⁹
369 1756 416 1763 —
460 1734 535 1783 sic,
564 1747 645 1783 rex,
682 1747 772 1774 cum
805 1732 882 1773 filio
909 1738 976 1773 tuo
1004 1731 1158 1783 tuisque
1185 1731 1494 1772 consiliatoribus
1522 1731 1610 1771 sub-

194 1793 433 1846 mergemini‚
473 1794 562 1845 quia
597 1807 677 1834 non
714 1793 885 1833 uexastis
919 1805 998 1832 eos.
1053 1791 1204 1840 Quibus
1238 1791 1377 1839 auditis
1411 1790 1612 1831 mandauit

125 1850 175 1889 25
194 1854 278 1894 Rex
306 1853 426 1894 occidi
455 1853 575 1893 filium
607 1866 734 1893 suum.

194 1912 375 2002 Deinde
403 1919 590 1960 consiliati
624 1924 715 1959 sunt
749 1924 896 1971 septem
924 1917 1118 1969 sapientes
1146 1913 1191 1967 ok
1210 1916 1392 1968 dixerunt
1418 1916 1519 1956 inter
1546 1929 1610 1956 se:

289 1979 387 2020 Ecce
414 1979 498 2020 Rex
526 1977 672 2020 audiuit
700 1991 859 2019 vxorem
885 1991 997 2018 suam
1015 1983 1054 2018 et
1073 1970 1322 2017 iuffiit'occidi
1341 1975 1463 2016 filium
1481 1989 1611 2016 suum.

195 2039 289 2080 Heri
308 2039 425 2098 frater
443 2044 574 2079 noster
592 2038 766 2078 liberauit
784 2051 886 2078 eum.
928 2038 975 2077 Et
994 2050 1099 2077 nunc
1114 2037 1324 2077 liberemus
1337 2049 1428 2076 eum
1442 2035 1611 2075 inuicem

291 2117 328 2152 Z.
346 2118 393 2152 24
417 2116 576 2152 nestatis.

294 2188 307 2209 ¹
331 2189 420 2224 fehlt
452 2189 504 2225 Ss.
542 2208 588 2213 —
628 2187 642 2208 ²
666 2190 806 2233 spatere
842 2186 1068 2231 Aufklarung
1098 2186 1161 2222 des
1185 2185 1322 2231 Trugoe
1346 2184 1421 2227 SN,
1446 2183 1515 2220 SV
1537 2183 1613 2218 und

194 2242 470 2287 Ehescheidung
502 2242 612 2285 SVS,
648 2241 793 2287 Totung
822 2241 887 2276 der
922 2240 1016 2276 Frau
1053 2240 1169 2284 SVB,
1195 2239 1309 2275 SVH.
1346 2256 1394 2263 --
1432 2236 1446 2257 ⁸
1473 2252 1515 2267 =
1542 2236 1613 2281 ss.

195 2296 258 2334 Cr.
292 2296 382 2332 fehlt
414 2295 471 2333 01.
524 2314 567 2321 —-
621 2293 636 2315 ⁴
661 2295 725 2331 der
766 2293 884 2330 seines
920 2294 1046 2330 Vaters
1083 2293 1281 2337 Heiligtum
1323 2302 1368 2328 zu
1405 2291 1609 2327 entweihen

195 2350 368 2387 trachtete
392 2348 460 2394 Sg.
486 2349 554 2393 (die
578 2348 673 2384 Ehre
697 2349 760 2385 des
785 2347 911 2384 Vaters
936 2346 1003 2384 Gr.
1024 2344 1097 2390 cl.)
1124 2365 1167 2371 —
1196 2345 1211 2366 ⁵
1227 2345 1383 2381 Pischon
1400 2346 1468 2380 MS
1484 2344 1613 2389 (Fyson

197 2403 327 2440 fluvius
351 2403 367 2439 1
392 2402 479 2439 Mos.
505 2403 538 2445 2,
578 2403 617 2438 11
659 2417 702 2433 =
741 2401 883 2446 Ganges
907 2401 952 2436 cf.
977 2399 1305 2436 Commonitorium
1338 2398 1510 2441 Palladii).
1573 2397 1613 2433 In

198 2458 311 2493 SVB:
336 2455 463 2501 Tim-iz,
489 2456 567 2491 SN:
593 2455 649 2491 Nil
673 2455 712 2491 in
736 2449 914 2501 Agypten.
942 2475 987 2481 -
1014 2453 1029 2475 ⁸
1053 2454 1107 2489 Sn
1131 2453 1232 2496 (fehlt
1257 2453 1326 2495 Ss),
1354 2452 1432 2497 LE,
1451 2452 1525 2487 SV.
1550 2451 1616 2487 der

196 2510 305 2546 Vater
335 2509 471 2545 wehrte
494 2509 571 2545 ihm
596 2509 697 2545 nicht
721 2508 785 2553 Sg,
816 2508 955 2544 achtete
979 2507 1081 2543 nicht
1105 2506 1170 2543 auf
1196 2506 1261 2542 ibn
1284 2504 1365 2551 Gn,
1389 2508 1526 2541 warnte
1550 2504 1615 2540 ihn

198 2563 297 2600 nicht
321 2562 383 2600 cl.
401 2583 444 2590 -
467 2563 480 2583 ⁷
504 2574 558 2598 ms
572 2577 614 2592 =
633 2563 709 2598 SN.
736 2562 834 2597 diese
857 2560 1058 2596 besondere
1074 2559 1227 2606 Angabe
1250 2559 1341 2595 fehlt
1364 2559 1442 2604 MS,
1468 2559 1531 2600 Sn,
1557 2559 1614 2599 Se,

199 2617 279 2660 LE,
288 2616 388 2653 seine
399 2615 509 2652 Arme
519 2616 666 2652 wurden
680 2615 846 2651 schwach
857 2615 886 2650 S
893 2615 962 2659 VB,
973 2614 1002 2651 S
1010 2614 1075 2657 VS,
1089 2623 1128 2649 er
1137 2613 1261 2649 wurde
1273 2612 1442 2649 schwach
1451 2613 1480 2647 S
1485 2611 1565 2648 VH.
1573 2631 1614 2638 ·——

200 2670 215 2691 ⁸
240 2680 309 2706 nur
333 2671 411 2707 MS.
438 2690 483 2697 —
510 2668 524 2690 ⁹
550 2670 784 2714 Ausffihrung
808 2679 881 2705 von
905 2679 970 2704 ms.
