1742 3080
645 198 893 238 -ῃ-

69 320 162 360 dam
189 319 327 360 arbore
353 325 393 360 et
418 321 590 361 aseendit
628 333 784 361 sursum
823 322 934 363 leone
970 323 1137 375 fugiente
1175 325 1313 366 adhuc.
1367 325 1479 366 Tunc

72 380 214 431 reperit
240 392 331 420 eum
358 379 481 431 symia
507 385 547 420 et
573 380 686 420 dixit:
713 380 814 429 Quid
842 381 975 429 habes,
1004 396 1167 435 magne
1194 384 1480 436 imperator¹,

70 438 164 491 quid
190 438 315 490 fugis?
367 438 447 479 Leo
480 438 596 480 dixit:
637 439 714 480 Pro
750 440 929 481 homine·
957 442 1070 493 fugio.
1124 442 1190 482 Ait
1225 443 1363 495 symia:
1391 444 1479 484 Vbi

69 502 149 539 est
181 496 373 539 homo?⁸
426 498 531 538 Duc
566 512 640 539 me
671 499 729 539 ad
766 499 905 539 eum.⁴
959 500 1025 540 Ait
1058 501 1139 542 leo:
1177 502 1282 543 Vade
1318 508 1407 543 ante
1441 509 1480 544 et

69 570 211 608 sequar
238 562 287 597 te.
342 557 483 597 Tunc
513 557 591 598 leo
625 558 839 598 ostendit
876 560 1030 610 symie
1057 561 1275 601 arborem
1311 562 1356 602 in
1393 575 1480 613 qua

68 622 184 656 erat
211 614 383 657 homost·
410 616 685 667 Symiaautem
703 618 952 669 aspiciens
980 632 1059 670 per
1086 619 1231 660 rimas
1258 621 1480 661 arborum

70 676 196 716 vidit
233 675 514 716 hominem·
553 682 593 716 et
631 677 803 717 ascendit
830 690 998 726 sursum,
1036 683 1085 718 ut
1125 679 1301 719 faleret
1342 679 1480 720 eum.¹

70 735 174 775 Poro
200 735 319 775 homo
346 735 445 787 cepit
462 748 550 776 eam
569 749 637 787 per
655 735 886 784 testiculos,⁸
913 742 951 777 et
968 737 1067 788 cepit
1094 737 1283 789 fugere’
1311 738 1483 779 nimis.¹⁰

69 794 184 835 'hinc
223 794 318 835 dixit
355 794 417 835 leo
457 794 642 845 symie¹¹:
681 795 822 836 Nonne
858 796 935 835 dixi
964 796 1049 836 tibi:
1087 797 1191 837 Vita
1230 798 1479 849 ingenium

71 853 304 902 hominis,
333 854 444 905 quia
474 867 695 906 magnum
723 854 867 895 est?¹’
894 855 942 895 Et
968 856 1027 895 leo
1046 855 1139 907 fugit
1166 862 1211 896 et
1239 856 1482 908 reliquid¹⁸
1503 863 1552 902 10

71 913 272 965 symiam
301 913 349 953 in
366 926 515 953 manu
542 913 769 954 hominis.
791 914 931 954 —lta
958 916 1116 955 tradet
1143 921 1185 955 te
1212 916 1347 963 deus,
1367 916 1480 965 Rex,

71 972 156 1023 qui
181 972 400 1013 ascultas
427 977 545 1013 tuos
572 972 949 1014 consiliat-102¹*
986 974 1097 1014 Tunc
1116 974 1199 1014 Rex
1227 975 1336 1015 iussit
1363 975 1481 1016 occidi

71 1031 193 1072 filium
221 1045 348 1072 suum.

70 1084 223 1174 Venit
261 1096 422 1143 quartus
461 1097 498 1131 et
539 1091 714 1132 adorauit
754 1105 883 1144 regem
919 1098 958 1133 et
994 1093 1065 1133 ait:
1099 1093 1189 1141 Oro,
1227 1093 1394 1141 domine,
1432 1108 1481 1134 ne

169 1151 298 1190 tradas
333 1149 453 1190 filium
492 1156 602 1191 tuum
630 1151 758 1199 morti,
794 1165 843 1191 ne
879 1151 1051 1203 peniteas
1078 1153 1174 1192 sicut
1208 1153 1293 1193 fecit
1326 1153 1481 1204 quidam
1503 1158 1551 1197 15

71 1209 303 1261 negociator.
358 1210 460 1250 Dixit
487 1210 592 1250 Rex:
618 1213 624 1257 Ι
647 1210 750 1259 Quid
778 1210 893 1251 fecit?
922 1211 1023 1251 Dixit
1050 1212 1222 1263 sapiens:
1494 1216 1622 1256 2127*

1523 564 1549 602 cv

211 1315 294 1373 [10.
327 1319 482 1370 Quarti
512 1321 729 1372 sapientis
758 1321 901 1372 prima
929 1321 1138 1363 historia:
1170 1317 1347 1375 Panae]

157 1399 184 1440 ‘t
210 1400 368 1451 quidam
396 1400 617 1452 negociator
643 1400 849 1441 deliciosus
876 1406 914 1441 et
932 1401 1035 1440 venit
1062 1401 1101 1440 in
1122 1400 1316 1441 ciuitatem
1343 1400 1481 1441 Babi-

157 1459 285 1500 lonie
301 1458 337 1484 ¹⁸
370 1466 407 1499 et
441 1459 552 1500 iussit
579 1459 801 1500 ministrum
828 1459 986 1499 suumn
1013 1473 1141 1500 emere
1168 1460 1240 1499 sibi
1268 1473 1406 1512 panem
1434 1461 1482 1500 de

71 1518 232 1570 symilla.
296 1518 371 1567 Qui
405 1519 540 1559 videns
581 1519 622 1559 in
664 1519 748 1559 foro
783 1519 963 1559 ancillam
999 1533 1088 1559 cum
1130 1519 1286 1559 bucellis
1319 1520 1411 1559 emit
1444 1525 1481 1559 et

71 1579 238 1630 portauit
274 1579 325 1619 ad
358 1578 559 1619 dominum
598 1591 725 1618 suum.
781 1578 867 1627 Quo
897 1578 978 1618 viso
1011 1578 1191 1618 dominus
1226 1579 1295 1619 ait:
1325 1579 1398 1618 Vbi
1424 1577 1552 1618 aetsso

70 1638 210 1678 ancilla
247 1651 323 1689 que
355 1637 443 1678 fecit
477 1638 571 1678 istas
604 1638 801 1678 bucellas?
853 1639 954 1689 Apte
987 1643 1080 1677 sunt
1114 1638 1208 1677 mihi
1245 1643 1283 1678 et
1317 1638 1482 1677 multum

70 1697 167 1737 mihi
195 1698 432 1749 conplaoent.
487 1698 574 1749 lpse
600 1710 695 1738 uero
722 1697 898 1737 minister
925 1698 1077 1737 emebat
1115 1697 1278 1737 cottidie.
1333 1696 1480 1736 Accidit

72 1761 204 1796 autem
231 1758 399 1808 quadam
426 1757 487 1797 die
514 1758 619 1808 quod
654 1757 719 1797 ina
745 1757 884 1797 ancilla
911 1770 991 1797 non
1028 1757 1163 1796 habuit
1199 1756 1377 1796 bucellas.
1432 1755 1479 1795 Et

73 1828 253 1856 reuersus
280 1816 343 1856 ille
361 1817 409 1856 ad
428 1816 631 1857 dominum
649 1816 723 1857 ait:
750 1816 927 1864 Domine,
956 1829 1036 1855 non
1064 1816 1193 1855 inveni
1220 1828 1359 1867 panem
1377 1815 1479 1866 apud

72 1875 178 1915 illam
202 1876 394 1916 ancillam.
450 1875 553 1915 Dixit
579 1875 615 1915 ei
642 1876 842 1916 dominus:
871 1875 953 1915 Duc
980 1889 1066 1915 eam
1094 1875 1142 1915 ad
1170 1887 1245 1922 me,
1274 1880 1316 1914 ut
1342 1874 1483 1914 indicet
1499 1873 1550 1912 25

73 1934 169 1974 mihi
196 1936 391 1986 quomodo
418 1935 506 1975 fecit
532 1948 674 1987 panem
697 1936 816 1983 illum,
846 1940 888 1975 ut
906 1948 977 1986 ego
1004 1934 1139 1974 faciam
1157 1933 1342 1974 similiter.
1379 1932 1482 1973 Fecit

171 2029 186 2050 ¹
201 2042 224 2066 o
236 2030 353 2075 Konig
365 2029 433 2075 Ss-
446 2029 512 2068 Gr.
525 2029 586 2068 cl.
603 2049 643 2057 --
662 2028 677 2050 ¹
689 2030 753 2066 der
764 2030 812 2065 da
826 2029 1098 2065 Nachtwachter
1122 2028 1181 2064 bei
1204 2028 1274 2063 den
1291 2027 1482 2063 menschen

72 2082 176 2119 heifit
190 2085 255 2127 Su,
278 2085 347 2128 Sa„
371 2082 438 2120 vor
452 2084 536 2120 dem
552 2083 772 2129 Ungewitter
788 2084 1002 2128 (tempestat)
1028 2083 1106 2119 LE.
1124 2101 1167 2108 —
1195 2081 1210 2102 ⁸
1227 2093 1282 2116 ms
1296 2096 1335 2111 =
1352 2081 1414 2123 Sn,
1427 2082 1481 2116 Sa.

73 2157 120 2163 —
138 2135 155 2157 ⁴
177 2137 295 2173 Kehre
318 2138 386 2173 mit
408 2138 481 2173 mir
502 2148 578 2180 um,
602 2137 660 2173 ich
677 2137 750 2172 will
774 2137 954 2172 ihntoten
971 2134 1190 2180 sg.cr.cL
1208 2154 1249 2161 —
1271 2133 1481 2175 ’ωσι-83,

74 2191 155 2233 LE,
172 2190 248 2233 BN,
273 2191 321 2227 da
343 2190 515 2227 erblickte
539 2202 579 2227 er
601 2190 673 2226 den
697 2190 807 2226 nanu
831 2191 895 2225 Sn.
920 2209 966 2215 —
992 2188 1007 2209 ⁸
1032 2189 1102 2224 Der
1126 2188 1235 2223 Hann
1259 2187 1323 2223 hat
1344 2187 1421 2222 sich
1444 2185 1482 2221 in

72 2244 175 2280 einer
197 2244 429 2291 Baumspalte
452 2244 655 2289 verborgen
687 2243 750 2288 δὴ,
777 2245 831 2285 Sa,
857 2243 934 2287 SN,
957 2242 1024 2287 83.
1038 2241 1176 2279 (31.01.
1200 2241 1286 2283 (und
1316 2240 1381 2276 der
1402 2239 1483 2274 Afl'e

74 2299 185 2334 seme
199 2298 277 2334 sich
293 2298 383 2334 uber
398 2297 522 2334 seinen
540 2298 662 2343 Kopf).
687 2318 733 2324 -
762 2297 775 2317 ²
790 2297 918 2332 Zusatz
933 2308 997 2332 m.
1026 2316 1071 2322 -
1098 2294 1113 2315 ⁸
1128 2294 1217 2331 fehlt
1234 2294 1306 2329 SN.
1323 2313 1369 2320 —
1386 2292 1483 2328 ’nur

74 2362 145 2391 nu:
169 2362 215 2387 zu
238 2351 401 2387 schreien
418 2351 485 2396 Sc.
498 2350 637 2389 (Pr-cl.
654 2370 699 2376 —
720 2350 752 2371 ¹⁰
774 2350 839 2386 der
854 2349 935 2385 Afl'e
958 2348 1062 2385 stirbt
1080 2349 1133 2391 Ss,
1159 2349 1222 2392 Sn,
1247 2348 1325 2391 LE,
1342 2346 1413 2381 ΒΝ.
1435 2364 1482 2372 -

77 2402 109 2425 ¹²
130 2404 237 2440 damr
259 2404 357 2440 daun
381 2405 551 2450 Honolog
574 2405 637 2440 des
660 2404 791 2439 Lowen
817 2405 878 2444 Sn,
895 2404 950 2444 Sa,
967 2403 1038 2438 LE
1059 2400 1204 2444 (Schlufi
1228 2399 1316 2436 fehlt
1331 2399 1480 2441 ΒΝ).-

78 2456 110 2479 ¹²
132 2458 183 2494 du
205 2458 343 2494 sonte-t
366 2458 467 2494 nicht
489 2458 671 2503 hingehen
687 2457 755 2502 ὃς.
768 2456 844 2503 Gl„
860 2456 909 2491 du
925 2455 1081 2491 wurdest
1095 2454 1225 2490 deinen
1241 2452 1366 2489 Zweck
1382 2451 1483 2488 nicht

73 2510 259 2549 ern-eichen
282 2510 347 2548 Gr.
374 2531 416 2538 —
446 2510 476 2532 ¹¹
492 2511 620 2547 Zusatz
643 2522 708 2546 me.
737 2532 779 2538 —
808 2509 839 2531 ¹⁴
862 2510 951 2546 fehlt
974 2508 1042 2554 Sc.
1055 2507 1119 2545 Gr.
1136 2506 1211 2554 el„
1234 2506 1353 2542 datur:
1379 2504 1481 2549 loge

73 2564 160 2601 Gott
182 2565 239 2601 dir
266 2565 404 2610 gleicbe
427 2565 551 2601 Rache
574 2565 701 2610 geben,
732 2564 800 2599 wie
823 2564 876 2599 sie
906 2563 972 2598 der
994 2562 1103 2597 llann
1136 2571 1249 2606 gesen
1281 2559 1352 2595 den
1375 2557 1482 2594 Affen

74 2618 238 2655 ausum.
254 2638 302 2644 —
321 2618 351 2643 ¹⁸
365 2619 437 2664 vgl.
456 2618 558 2661 Einl„
582 2630 619 2664 p.
636 2618 750 2654 XVIII
767 2617 881 2661 (Stadt
896 2616 1007 2652 Calno
1023 2614 1091 2660 83.
1103 2614 1185 2661 Cr„
1209 2613 1323 2649 culn·
1338 2611 1420 2653 CL).
1434 2630 1479 2638 -

77 2670 110 2693 ¹⁸
132 2673 197 2708 der
219 2672 352 2708 Diener
374 2672 465 2708 fehlt
488 2673 597 2714 873,
621 2673 736 2708 SVH.

145 2737 334 2772 mltum
349 2737 660 2766 mim
674 2737 783 2765 Ἔσκω-
818 2736 845 2763 4.
1320 2729 1339 2757 2
