1742 3080
677 207 935 245 -ῃ-

99 328 149 367 ad
177 326 379 368 iuuenem‘
406 333 446 368 et
473 340 554 368 nou
582 326 728 368 invenit
756 341 845 369 eum
873 329 1065 381 dixitque:
1102 330 1200 371 Ecce
1227 331 1408 373 iuuenem
1435 346 1516 373 non

100 386 276 427 invenio:
322 400 444 438 quero
479 399 572 439 ergo
607 386 725 428 alium
762 393 800 428 et
836 389 1069 441 coniungam
1103 402 1193 430 eum
1220 390 1293 431 sibi
1322 397 1357 432 et
1386 392 1515 432 tollnm

100 446 196 486 mihi
223 447 384 487 donum.
439 446 518 486 Juit
542 459 643 486 anus
670 446 716 486 in
745 446 925 488 vicum·
952 454 990 488 et
1018 449 1159 501 reperit
1188 450 1367 491 iuuenem
1396 463 1515 491 vnum

100 510 138 545 et
165 506 259 545 dixit
285 505 339 546 ei:
386 505 455 546 Est
481 505 562 554 tibi,
590 506 747 546 lumen
774 506 1009 555 iuuenis,⁸
1034 508 1148 548 ardor
1167 508 1206 548 in
1240 510 1365 561 puella
1383 510 1516 561 pulcra

100 564 217 605 nimis
253 571 290 605 et
325 565 367 606 in
403 570 559 605 nectare
594 565 770 606 ciborum
807 572 845 606 et
881 572 1067 618 potuum?
1129 567 1199 607 Cui
1232 568 1402 608 iuuenis:
1450 569 1517 610 Est
1561 572 1586 608 5

100 624 230 675 itaque
262 630 300 664 et
333 624 512 664 multum.
567 624 615 664 Et
648 624 731 676 ipse
764 630 845 665 erat
877 625 1039 665 maritus
1074 626 1194 678 ipsius
1222 627 1357 678 puelle.
1413 628 1514 668 Dixit

100 684 183 735 ipse
206 687 213 731 Ι
237 684 275 724 in
305 685 420 724 corde
447 696 539 724 suo:
568 683 636 724 lho
664 690 751 736 post
778 684 893 725 istam
915 690 954 725 et
971 697 1203 737 cognoscam
1223 686 1289 726 ubi
1306 700 1370 726 me
1387 687 1511 735 ducet,
1531 686 1653 727 1212&

99 742 191 794 quia
228 756 326 783 non
362 748 442 784 est
478 743 750 784 meretrix⁴
786 744 826 783 in
864 749 967 784 terra
997 744 1081 786 ista.
1135 745 1290 796 Juitque
1318 751 1404 797 post
1430 759 1517 786 eam

101 815 222 853 Vsque
254 804 303 843 ad
334 802 504 843 hostium
544 803 685 842 domus
724 815 805 842 sue.
861 803 951 843 Mox
984 803 1141 844 intrauit
1169 803 1250 856 ipse
1273 817 1361 845 cum
1395 805 1515 845 nimio

100 861 240 902 furore.
295 862 342 902 Et
377 874 467 902 ecce
501 861 566 902 illa
600 862 730 902 lanata
764 868 802 902 et
839 868 955 902 uncta
982 876 1117 903 musco
1145 863 1357 914 leuansque
1383 864 1514 904 oculos
1538 864 1586 902 10

100 927 139 962 et
165 921 300 961 videns
317 921 501 962 maritum
519 921 688 962 cucurrit
715 927 753 962 et
779 922 1107 973 accepitillum
1135 935 1215 974 per
1241 923 1447 974 capillos
1474 930 1518 963 et

101 979 322 1021 barbam⁸
349 986 386 1021 et
412 981 482 1021 ait:
529 979 719 1021 Omnia⁸
745 982 804 1021 ad
832 994 906 1021 me
932 982 1022 1021 hee
1050 982 1324 1033 pertinent,
1353 987 1397 1022 et
1424 983 1517 1023 hoc

100 1046 177 1080 est
205 1040 350 1080 fedus
387 1040 524 1080 inter
552 1053 656 1080 nos.
714 1040 812 1091 Ego
839 1041 1053 1091 cognoui
1082 1042 1343 1080 aduentum
1372 1047 1516 1090 tuum;

100 1098 214 1140 ideo
240 1098 472 1139 surrexi¹¹
499 1100 750 1140 suadente
781 1100 922 1149 [hac].
979 1099 1089 1139 Sic⁸
1122 1113 1241 1152 ergo
1268 1101 1439 1140 fecisti
1468 1101 1516 1141 in

100 1163 227 1198 terra
253 1158 447 1198 aliena?
488 1159 602 1207 Quod
630 1171 795 1199 cernens
822 1172 923 1198 anus
956 1160 1086 1211 fugam
1115 1158 1290 1211 aripuit·
1330 1159 1397 1199 ule
1424 1173 1516 1200 uero
1539 1156 1586 1195 15

100 1218 327 1269 precabatur
354 1230 512 1258 vxorem
541 1218 695 1258 dicens:
729 1217 817 1258 Non
845 1218 950 1258 dieas
977 1231 1104 1258 meam
1130 1231 1216 1258 oese
1234 1218 1400 1270 culpam,
1428 1219 1517 1269 quia

103 1282 206 1317 certe
231 1277 315 1329 ipse
340 1278 496 1317 hacmet
523 1278 700 1317 turbatus
722 1276 855 1317 sum¹⁰
881 1283 919 1317 et
947 1278 1079 1317 aduxit
1107 1291 1171 1317 me
1197 1278 1285 1317 huc.
1331 1278 1398 1317 [lla
1424 1291 1518 1317 uero

101 1336 315 1376 clamabat:
360 1337 467 1376 Non!
524 1336 589 1377 Sic
616 1337 738 1377 eciam
758 1337 894 1377 iuisses
912 1336 953 1375 in
973 1337 1132 1376 domum
1151 1337 1328 1384 alienam,
1358 1337 1518 1377 inuide

102 1401 149 1436 et
174 1395 402 1447 inique.²¹
448 1396 514 1436 Ille
532 1409 627 1436 uero
644 1396 748 1436 dedit
766 1396 801 1437 ei
820 1394 980 1444 dona‚¹²
1007 1402 1045 1436 et
1073 1396 1127 1436 sic
1154 1396 1238 1448 ipsa
1265 1396 1405 1447 recepit
1428 1409 1518 1436 eum

102 1455 143 1495 in
169 1456 342 1496 domum.
373 1478 420 1484 —
451 1456 575 1505 Vnde,
603 1457 761 1496 domine
789 1456 886 1504 Rex,
918 1456 995 1496 vita
1022 1469 1073 1496 ne
1094 1456 1294 1508 decipiaris
1322 1470 1345 1495 a
1373 1456 1517 1508 falacijs
1535 1451 1589 1490 20

101 1515 321 1556 mulierum.
377 1515 424 1555 Et
460 1516 628 1568 precepit
661 1516 745 1556 Rex
785 1521 824 1555 vt
861 1529 941 1555 non
978 1516 1256 1556 interficeretur
1283 1515 1383 1555 filius
1410 1527 1516 1555 suus.

100 1573 253 1663 Venit
293 1581 432 1621 mulier
471 1581 534 1620 die
572 1581 689 1621 tercia
727 1587 765 1621 et
806 1581 902 1621 dixit
943 1580 1059 1632 Regi:
1124 1580 1276 1620 Audisti
1314 1580 1518 1620 consilium

199 1639 420 1692 sapientum
456 1640 691 1692 perfidorum
726 1645 763 1680 et
801 1653 881 1680 non
922 1639 1106 1679 interficis
1140 1639 1260 1679 filium
1288 1645 1410 1686 tuum,
1452 1639 1517 1690 qui

100 1699 221 1740 voluit
258 1699 390 1740 fallere
424 1713 489 1740 me
515 1700 565 1739 ad
593 1699 858 1751 ignoranciam
887 1699 1095 1739 senectutis
1123 1702 1213 1738 tue?
1268 1698 1395 1738 Faciet
1422 1698 1517 1738 mihi

101 1760 197 1799 deus
233 1758 441 1799 vindictam
475 1758 516 1798 in
554 1764 592 1798 te
627 1764 666 1799 et
699 1758 739 1799 in
774 1758 1002 1811 consiliarijs
1034 1757 1122 1806 tuis,
1157 1758 1256 1797 sicut
1283 1758 1369 1797 fecit
1396 1757 1518 1798 consi·
1537 1752 1589 1791 25

101 1817 210 1859 liario
236 1818 338 1870 regis
365 1816 574 1869 Bocre.¹⁸
628 1817 732 1858 Dixit
758 1830 846 1857 rex:
892 1817 1097 1866 Quomodo
1125 1816 1226 1857 fuit?

189 1924 233 1964 6.
267 1917 480 1976 [Reginae
508 1922 702 1963 munda
730 1922 943 1963 historia:
977 1915 1139 1972 Strigt
1172 1918 1225 1972 -i—
1257 1916 1414 1974 Pom}

186 1990 214 2030 't
241 1990 337 2042 Regi
364 1991 527 2041 Bocre
564 1990 664 2030 filius
698 2002 799 2029 vnus
836 1995 874 2029 et
909 1990 1064 2029 amabat
1101 2002 1192 2029 eum
1223 1988 1322 2028 sicut
1349 1988 1520 2028 animam

186 2062 300 2090 suam
326 2054 365 2089 et
392 2062 473 2090 non
501 2049 718 2090 dimittebat
746 2062 837 2089 eum
864 2049 970 2088 exire
994 2054 1102 2088 extra
1120 2048 1327 2095 ciuitatem,
1356 2060 1406 2087 ne
1424 2047 1521 2087 forte

105 2107 1520 2168 mmm

196 2198 427 2234 1erweiterte
444 2198 926 2242 DanteuunginSVB.—
945 2196 960 2217 ²
982 2196 1219 2238 m=svs,
1243 2199 1363 2232 const:
1394 2194 1519 2230 Hnrkt.

104 2271 144 2279 —
173 2250 189 2271 ⁸
211 2251 341 2288 Zumtz
372 2263 437 2286 mn.
479 2271 520 2278 -
566 2254 582 2276 ⁴
606 2251 769 2297 Fassung
794 2251 870 2286 Hs:
907 2250 967 2286 ich
995 2250 1067 2286 will
1096 2250 1220 2291 seben,
1245 2259 1319 2284 wer
1342 2249 1380 2284 in
1404 2248 1521 2283 dieser

99 2305 202 2341 Stadt
215 2304 385 2341 Buhlerei
408 2305 519 2341 treibt
541 2304 627 2351 83„
639 2304 720 2351 Gn,
733 2304 794 2342 Gl.
819 2325 864 2331 —
890 2307 906 2328 ⁵
930 2315 984 2338 ms
997 2318 1040 2333 =
1056 2304 1119 2347 Sn,
1136 2303 1192 2345 Sn,
1206 2304 1284 2338 LE.
1321 2302 1380 2337 Sie
1403 2300 1519 2337 zerrifi

98 2358 178 2394 ihre
201 2358 345 2394 Kleider
365 2358 442 2394 und
466 2357 584 2394 sehrie
607 2357 691 2405 830,
705 2357 786 2404 Gn,
799 2356 859 2394 cl.
884 2378 930 2384 —
957 2356 972 2377 ⁸
996 2357 1188 2400 Betonuug
1210 2355 1275 2391 ‹1ae
1301 2354 1408 2390 Pakts
1432 2353 1519 2390 fehlt

99 2410 184 2458 830,
195 2410 348 2459 cr„cl.
369 2430 412 2437 —-
434 2410 447 2431 ²
461 2412 599 2448 uberali
618 2412 665 2447 ist
681 2421 841 2456 genauer
851 2411 918 2447 das
938 2410 1151 2446 Aussenden
1167 2409 1234 2444 der
1252 2408 1358 2444 Alten
1377 2407 1520 2443 hervor-

98 2465 276 2510 3ehoben.
293 2483 333 2491 —
354 2464 369 2486 ⁸
383 2465 512 2501 Zusatz
537 2476 602 2500 m.
622 2483 666 2490 -
692 2464 708 2485 ’
725 2464 815 2500 fehlt
830 2465 895 2506 Su,
912 2464 970 2500 8⁸.
995 2483 1039 2489 --
1066 2461 1096 2483 ¹⁰
1115 2463 1180 2498 der
1199 2462 1308 2498 Manu
1327 2461 1521 2505 behuuptet

98 2518 199 2554 seiae
214 2518 451 2565 Gegenprobe
468 2520 532 2561 Su,
558 2519 613 2560 Se,
639 2519 717 2554 LE.
737 2537 784 2544 —
811 2516 842 2539 ¹¹
860 2517 988 2553 Zusutz
1004 2528 1070 2551 mn.
1095 2536 1142 2543 —
1174 2514 1203 2536 ²⁸
1227 2515 1285 2550 die
1302 2514 1383 2550 Alte
1400 2513 1520 2557 bringt

98 2571 340 2617 Verschnung
370 2572 446 2608 und
481 2571 571 2608 vird
595 2571 746 2607 belobnt
771 2572 882 2615 SVB,
910 2570 1014 2606 SVS.
1033 2589 1078 2595 —
1108 2567 1137 2590 ¹⁸
1164 2569 1204 2604 [n
1228 2569 1296 2604 ΒΝ
1317 2567 1431 2611 konig
1456 2566 1519 2601 Ar-

99 2625 222 2661 duhir
243 2636 311 2661 aus
333 2626 399 2662 der
421 2625 571 2662 Familie
595 2626 659 2661 des
684 2624 788 2661 Kisra
823 2624 861 2660 in
885 2623 951 2659 der
973 2634 1066 2669 pers.
1095 2622 1197 2658 Stadt
1221 2620 1382 2657 Kirmin.
1430 2619 1515 2655 Scin

99 2678 200 2715 sohn
222 2678 325 2716 heifit
348 2679 454 2715 Bedr.
