1742 3080
710 177 943 216 -7-

107 311 193 340 suo.
248 298 319 340 Cui
355 297 470 346 dixit:
512 298 665 350 Aspice
682 302 720 339 et
747 299 896 340 excuba
922 304 961 340 et
986 300 1119 341 omnia
1145 314 1221 353 que
1247 308 1354 353 gesta
1381 302 1521 343 fuerint

109 357 218 406 mihi,
254 370 345 398 cum
372 370 527 406 venero,
565 371 693 398 narra.
748 357 885 398 Mulier
919 359 1115 400 nesciebat
1142 373 1284 401 auem
1311 360 1451 401 illam
1478 375 1530 402 ae

111 430 202 458 suo
229 416 411 457 marito
439 417 823 458 accusaturam.¹
877 418 1066 470 Pet-gente
1099 424 1230 459 autem
1267 419 1349 459 viro
1377 421 1528 467 vocauit

109 476 289 529 priuatim
316 474 506 517 amicum²
534 489 663 524 suum,
690 482 728 517 et
755 477 963 517 concubuit
990 490 1079 518 cum
1106 490 1152 518 ea
1179 478 1362 519 omnibus
1388 479 1524 520 diebus

110 536 251 587 quibus
278 535 335 576 vir
362 535 446 576 eius
464 536 607 576 absens
626 534 707 576 ruit.
752 535 871 576 Anno
898 550 974 576 vno
1002 542 1155 588 peracto
1183 538 1286 577 venit
1315 539 1370 578 vir
1389 539 1472 579 eius
1491 544 1530 579 et
1576 542 1601 579 5

109 596 286 636 clanculo
313 594 462 647 picam
490 594 752 646 interrogauit.
799 595 866 635 Illa
893 608 986 636 uero
1004 596 1132 636 retulit
1151 596 1283 636 omnia
1302 598 1396 637 visa.
1439 598 1529 638 Mox

111 655 231 696 iratus
258 654 440 695 dominus
468 667 627 694 onrem
654 655 702 694 de
729 654 846 694 domo
863 654 1021 706 expulit.
1062 653 1129 695 111⁸
1149 660 1280 695 autem
1298 658 1352 696 ad
1371 657 1531 697 domum

112 714 357 755 cuiusdam
376 713 535 754 vicine
562 711 670 753 sue-'⁵
691 713 759 753 iuit
778 719 816 754 et
843 714 923 754 ille
950 714 1098 766 picam
1128 720 1232 766 post
1257 728 1355 755 eam
1373 715 1531 757 misit.⁴

113 773 250 814 Mulier
286 786 380 814 uero
414 772 512 813 dixit
548 771 706 813 ancille‘
733 785 821 813 sue:
867 773 946 813 Cur
973 774 1136 813 turbasti
1164 787 1227 813 me
1254 774 1416 815 dicendo
1443 775 1532 815 faci-

114 846 212 873 nora
244 845 333 873 mea
366 833 506 873 marito
542 836 659 872 meo?
714 831 864 872 Ancilla
902 832 1011 872 dixit:
1060 832 1162 882 Non,
1202 833 1372 881 domina,
1411 833 1531 874 absit!
1556 835 1604 874 10

111 892 202 933 Non
229 904 301 944 ego
327 891 400 932 feci
428 891 530 940 talia,
558 892 627 931 sed
655 891 767 943 pica
793 890 888 931 dixit
915 891 1073 931 domino
1103 897 1249 939 nostro,
1293 905 1428 943 quem
1454 893 1533 933 ad·

113 952 204 992 huc
231 964 323 991 non
351 950 500 992 habeo
529 949 727 991 notum.‘
781 950 995 1002 Respondit
1022 951 1180 991 mulier:
1223 951 1426 991 Faciamus
1444 965 1534 1003 ergo

112 1010 186 1052 sibi
214 1010 356 1062 aliquid
385 1010 532 1063 inginij.
589 1010 802 1050 Confestim
830 1010 915 1050 tulit
947 1023 1027 1061 par
1055 1009 1218 1050 vnum²
1246 1010 1534 1050 macillenarum

113 1076 152 1111 et
178 1070 348 1123 inposuit
376 1083 493 1122 super
521 1070 706 1110 solarium
733 1070 873 1109 domus
901 1075 939 1109 et
966 1068 1086 1109 barile
1114 1082 1236 1109 vnum
1258 1070 1415 1121 plenum
1434 1083 1534 1120 aqua

115 1136 154 1171 et
181 1143 363 1183 scopam
391 1135 435 1170 et
463 1142 603 1169 vnum
630 1129 847 1181 stipitem
875 1128 982 1180 igne
1010 1128 1302 1169 accensum.⁸
1340 1129 1604 1170 &ascen-15

116 1190 170 1231 dit
206 1195 320 1230 nocte
356 1190 541 1229 solarium
579 1202 667 1229 cum
699 1191 705 1238 Ι
739 1189 878 1229 ancilla
914 1194 952 1228 et
986 1188 1096 1228 iussit
1123 1188 1302 1228 ancillam
1332 1188 1525 1229 macinare
1545 1189 1667 1228 f.122‘

117 1263 208 1291 cum
235 1249 461 1298 macillenis,
502 1255 541 1289 et
582 1249 645 1289 illa
683 1248 906 1288 infundebat
943 1261 1084 1299 aquam
1113 1261 1203 1288 cum
1237 1261 1389 1300 scopa
1415 1253 1453 1288 et
1481 1248 1533 1288 ita

115 1309 351 1350 radiabat
379 1321 487 1348 cum
514 1308 696 1360 stipite
722 1308 770 1347 in
800 1306 976 1355 curia,⁹
1005 1307 1078 1347 vbi
1106 1307 1209 1359 pica
1237 1308 1534 1350 morabatur,

113 1369 310 1409 excubans
339 1373 420 1408 tota
450 1372 576 1408 nocte.
632 1368 748 1408 Mane
774 1372 905 1407 autem
933 1367 1032 1407 sacto
1062 1367 1169 1419 pica
1197 1367 1339 1406 motis
1365 1366 1534 1418 pennis

115 1441 316 1470 reuersa
343 1433 419 1468 est
446 1428 507 1468 ad
535 1426 794 1468 dominum
822 1425 1021 1467 suum.¹⁰
1058 1426 1170 1466 Tunc
1200 1426 1261 1466 ille
1287 1425 1606 1478 interrogauitw

208 1535 247 1572 Z.
264 1536 287 1571 8
311 1535 466 1572 cuidam.
491 1556 537 1562 —
565 1536 605 1571 11
633 1545 745 1580 quam
769 1534 897 1570 adhuc.
926 1553 969 1560 —
998 1534 1102 1577 17118
1126 1537 1161 1569 et
1185 1533 1236 1569 ita
1260 1533 1391 1569 diabat.

213 1631 227 1652 ¹
250 1631 316 1667 Die
344 1631 439 1666 Fran
466 1629 589 1666 wusste
613 1629 725 1671 nicht,
749 1628 823 1664 dab
847 1640 886 1664 ω
910 1629 967 1664 ein
993 1629 1168 1665 redender
1192 1628 1303 1672 Vogel
1327 1627 1378 1664 sei
1402 1627 1441 1663 in
1467 1627 1535 1672 83.

114 1685 180 1722 Gr.
194 1683 253 1722 cl.
267 1703 312 1710 --
328 1683 344 1704 ¹
367 1684 472 1720 einen
487 1683 624 1728 jungen
637 1682 782 1718 Tui-ken
798 1683 908 1723 SVB,
933 1682 1040 1718 einen
1052 1682 1221 1718 Soldaten
1238 1682 1341 1717 SVS.
1355 1700 1399 1706 —
1415 1679 1431 1701 ⁸
1455 1681 1536 1716 eine

113 1739 250 1775 andere
274 1737 472 1781 Wohnuug
495 1736 534 1772 in
558 1737 623 1772 der
646 1735 930 1772 Nachbarschast
953 1735 1022 1780 sg.
1046 1734 1111 1772 Cr.
1138 1734 1198 1771 01.
1225 1753 1267 1760 —
1294 1734 1310 1755 ⁴
1334 1745 1375 1770 er
1399 1733 1535 1769 schickt

114 1793 187 1828 den
210 1790 366 1837 Papagei
402 1791 470 1827 mit
506 1790 563 1826 ihr
598 1788 666 1835 Sg.
694 1788 764 1827 Gr.
789 1788 850 1826 cl.
889 1809 931 1816 —
966 1788 981 1809 ⁶
1004 1789 1062 1824 die
1087 1788 1278 1824 Nachbarn
1310 1787 1536 1831 beschuldigt

117 1846 224 1883 SVS.
250 1866 296 1872 —
329 1844 344 1865 ⁶
367 1844 464 1880 dioee
494 1843 805 1888 Entschutdigung
837 1853 907 1878 nur
930 1854 994 1878 mc.
1034 1862 1076 1867 —
1119 1842 1132 1862 ⁷
1155 1845 1257 1877 sonst
1293 1840 1533 1877 Handmuhle.

119 1920 166 1926 —
192 1898 208 1920 ⁸
230 1898 463 1935 Handmnhle
490 1900 530 1937 -Ι-
558 1896 673 1933 Gema
698 1897 764 1933 mit
782 1896 927 1932 Wasser
943 1899 982 1938 -Ι-
1004 1895 1309 1942 Spritzwerkzeug
1334 1897 1375 1937 4-
1404 1893 1536 1940 grosser

116 1952 367 1997 goeehliffener
396 1952 579 1988 indischer
613 1950 756 1996 Spiegel
787 1949 855 1995 Sg.
880 1949 945 1986 cr.
971 1949 1031 1987 cl.
1067 1949 1215 1989 (boessert
1249 1959 1283 1994 p.
1301 1948 1371 1984 233
1400 1946 1535 1993 Spritze

116 2017 162 2042 m
202 2005 338 2048 Boeen,
379 2005 540 2051 Rediger
578 2004 653 2040 und
694 2003 982 2039 Steinschneider
1022 2002 1141 2038 dafnr:
1183 2001 1409 2043 Schwamm).
1466 2001 1534 2035 Sn:

117 2058 349 2095 nandmnhle
377 2061 417 2101 -Ι-
442 2058 554 2094 Kerze
581 2058 657 2093 und
684 2058 826 2103 Spiegel
858 2060 899 2100 4-
930 2057 1074 2091 Wasser
1102 2056 1169 2091 auf
1193 2055 1264 2091 den
1300 2054 1412 2099 Kafig.
1474 2054 1533 2088 Sa:

118 2112 350 2148 Handmuhle
374 2114 414 2154 -1-
442 2111 583 2157 Spiegel
609 2113 649 2153 —t—
673 2111 889 2147 Schwamm.
939 2111 1023 2145 LE:
1049 2108 1278 2144 Handmnhle
1318 2110 1357 2149 -4-
1396 2107 1535 2152 Spiegel

118 2165 158 2202 in
183 2166 248 2203 der
270 2165 376 2202 einen
407 2165 482 2201 und
516 2165 627 2200 Kerze
652 2164 690 2200 in
714 2164 780 2199 der
808 2163 946 2199 andern
972 2162 1076 2198 Hand
1107 2166 1146 2205 -1-
1189 2161 1335 2197 Wasser
1368 2159 1436 2195 auf
1466 2160 1536 2195 den

118 2219 234 2264 ωε.
286 2220 366 2255 SN:
403 2218 635 2254 Handmuhle
665 2220 706 2260 -ὶ-
738 2217 848 2253 Kerze
884 2219 1029 2252 unterm
1056 2215 1162 2251 Tisch
1195 2217 1235 2256 4-
1265 2213 1455 2257 Blasebalg
1492 2214 1532 2255 4-

119 2272 373 2309 Wmersturr„
422 2272 539 2308 SVB:
575 2270 806 2307 Handmnhle
844 2273 884 2312 4-
922 2270 1057 2315 Lampe
1089 2271 1127 2310 -†·
1160 2267 1297 2303 Facher
1322 2269 1360 2308 -t-
1391 2266 1538 2302 Waaser

119 2325 187 2362 auf
216 2326 276 2362 ein
307 2325 415 2361 Stuck
439 2325 564 2361 laeder-
623 2325 734 2360 SVS:
766 2323 997 2359 Handmuhle
1017 2325 1057 2365 -4-
1076 2321 1215 2367 Spiegel
1246 2320 1305 2356 bei
1338 2320 1472 2364 nimpe
1490 2318 1535 2361 -Ι-

119 2379 258 2415 Facber
276 2383 314 2420 4-
336 2378 483 2415 wasser
507 2378 574 2415 auf
595 2377 654 2414 ein
678 2377 781 2413 Tuch
806 2377 896 2413 uber
919 2376 1002 2412 dem
1027 2375 1140 2419 Kafig.
1189 2376 1236 2409 40
1263 2374 1403 2410 Vaeire:
1428 2371 1537 2408 Haar-

119 2433 199 2469 sieb
221 2433 265 2478 -f-
283 2433 381 2479 Topf
397 2436 438 2475 -4-
458 2431 703 2469 Ochsenhaut.
765 2431 1022 2466 Dircam-‘unz
1060 2432 1273 2474 tympanum
1292 2432 1332 2469 -ι-
1351 2425 1535 2472 speculum

122 2485 168 2532 4-
183 2486 337 2532 spongia
357 2489 396 2528 ÷
416 2486 516 2522 mola
534 2487 574 2527 4-
595 2495 706 2521 cavea
738 2484 904 2528 agitatur.
933 2501 974 2508 —
1002 2481 1018 2503 ⁹
1042 2482 1114 2517 Der
1139 2480 1249 2525 Vogel
1282 2480 1327 2516 ist
1359 2479 1409 2514 im
1434 2477 1536 2523 mg

120 2541 175 2576 Su
190 2540 320 2583 (neben
337 2540 454 2576 ihrem
470 2539 596 2582 Bette),
622 2539 677 2581 Se,
703 2539 776 2574 LE
787 2538 865 2580 (der
880 2536 983 2580 Katig
1000 2535 1087 2571 wird
1105 2534 1172 2570 auf
1183 2534 1242 2570 die
1257 2533 1349 2569 Erde
1373 2530 1535 2578 gestellt).

122 2594 196 2637 ΒΝ,
222 2593 295 2630 SV.
323 2611 365 2619 -
395 2591 425 2614 ¹⁰
448 2603 519 2629 nur
534 2603 611 2635 ms„
635 2595 737 2627 sonst
759 2591 838 2627 holt
853 2589 931 2626 sich
954 2588 1019 2625 der
1034 2588 1142 2624 Manu
1167 2587 1237 2623 den
1255 2585 1364 2631 Vogel
1389 2584 1436 2621 ab
1460 2584 1535 2628 (Su,

123 2648 179 2693 Sa,
202 2647 283 2693 LE,
306 2647 399 2690 ΒΝ).
