1742 3080
700 229 957 268 -19-

123 347 173 387 ad
205 346 370 389 libitum.
421 345 531 389 Inter
570 349 644 389 hoc
679 349 790 390 iusit¹
822 351 883 392 ille
918 353 1017 393 clam
1055 366 1170 394 seruo
1206 367 1278 395 suo
1314 362 1352 396 vt
1388 357 1532 399 leuaret

122 405 331 458 cuchnram
369 407 419 447 de
456 407 606 448 mantili
645 414 683 449 et
720 409 854 461 ligaret
892 413 932 451 in
973 424 1020 453 ea
1060 413 1268 481 puluerem.
1274 412 1291 439 ²
1343 415 1456 465 Quod
1493 423 1533 457 et

123 465 266 505 factum
286 471 356 506 est.
411 455 524 507 Tunc
551 466 616 508 illa
642 481 806 520 surgens
833 471 881 510 de
907 471 1094 511 adulterio
1112 478 1150 512 et
1168 473 1357 525 accipiens
1374 476 1532 517 mantile

121 523 250 565 iuitin
271 525 431 566 domum
450 538 562 566 suam
590 531 636 567 et
661 529 919 569 nesciebat
946 529 984 570 si
1013 530 1060 570 in
1087 544 1143 571 eo
1170 538 1302 573 esset
1329 534 1531 584 cuchnra

122 584 203 624 uel
243 583 418 625 aliud!
469 585 628 626 Ponens
666 588 824 627 mantile
864 594 954 628 ante
994 590 1176 630 maritum
1217 591 1374 632 intrauit
1412 592 1530 634 alium
1573 595 1600 633 5

121 643 350 691 thalamum,
392 649 435 684 ut
473 644 663 697 acciperet
702 646 817 686 onam
858 652 897 687 et
942 655 1121 699 coqueret
1166 649 1401 692 frumentum
1441 665 1530 693 cum

121 702 301 754 machara.
343 702 457 743 Tunc
474 703 637 744 maritus
656 704 739 744 eius
758 705 873 746 soluit
890 707 1060 756 mantile,
1090 713 1128 747 vt
1139 708 1285 749 uideret
1311 710 1530 761 cucharam,

120 767 159 802 et
194 762 403 803 inuento
443 762 517 802 ibi
560 764 795 815 puluere⁴
828 766 979 805 vocauit
1015 779 1173 807 vxorem
1214 768 1363 810 dicens:
1403 770 1531 819 Quare

119 821 300 873 puluerae
327 821 423 862 mihi
450 822 618 863 ntulisti?
662 823 750 872 Quo
768 824 897 864 audito
916 825 1053 865 mulier
1073 826 1215 866 dimisit
1242 828 1356 868 ollam
1385 835 1422 868 et
1447 830 1530 869 tulit

119 880 304 929 cribrum,
340 880 389 921 in
418 894 511 932 quo
543 882 675 922 misit
714 883 981 934 pulueres⁶
1009 891 1047 924 et
1074 885 1185 925 dixit:
1214 886 1380 927 Nescis
1420 888 1529 939 quid
1551 889 1602 928 10

119 940 239 980 mihi
279 939 511 981 accidit·:
551 941 651 981 Cum
678 941 776 982 irem
811 943 860 982 ad
888 943 1027 991 forum,
1055 944 1232 985 homines
1260 946 1528 997 inpinxerunt'¹

119 1000 161 1040 in
187 1012 252 1039 me
275 1002 282 1047 Ι
305 1005 343 1039 et
371 1013 513 1040 numos
530 1001 777 1041 diffuderunt.
824 1002 872 1041 Et
889 1015 960 1054 ego
979 1004 1208 1055 congregaui
1236 1006 1413 1056 pulueroe
1440 1006 1524 1046 illos
1542 1005 1669 1045 s.128v

118 1064 158 1099 et
175 1058 263 1099 misi
282 1058 322 1099 in
349 1059 508 1099 mantile
526 1066 568 1099 ut
592 1060 803 1100 cribrarem
821 1067 858 1100 et
877 1061 1089 1102 invenirem
1110 1063 1204 1103 illos.
1246 1064 1298 1103 Et
1324 1065 1529 1105 credidit

118 1118 332 1158 maritus
358 1119 531 1158 uerbis
558 1118 815 1159 mulieris!
846 1143 892 1149 —
922 1121 988 1168 lta,
1019 1135 1099 1170 rex,
1128 1135 1267 1162 oeueas
1294 1124 1342 1163 de
1369 1124 1523 1175 ingenio

119 1177 303 1227 mulieris,
331 1190 391 1217 ne
419 1177 567 1218 faciat
594 1184 640 1218 te
666 1179 886 1219 occidere
913 1180 1071 1220 filium
1100 1181 1272 1221 tuum.’
1299 1182 1346 1222 Et
1359 1183 1525 1235 precepit
1546 1182 1595 1220 15

118 1237 204 1277 Rex
230 1242 274 1277 ut
299 1250 380 1277 non
408 1237 645 1278 occideretur
671 1238 772 1278 filius
799 1251 906 1280 suuS.

181 1296 285 1336 vinta
317 1309 412 1337 uero
447 1296 509 1336 die
536 1296 639 1337 venit
667 1311 762 1337 vxor
789 1298 907 1349 Regis
942 1299 991 1338 ad
1027 1312 1117 1338 eum
1145 1305 1182 1339 et
1209 1299 1322 1340 dixit:
1351 1300 1526 1348 Domine,

205 1369 287 1396 non
305 1356 399 1396 facis
418 1355 625 1397 vindictam
652 1358 701 1397 de
719 1357 797 1396 filio
815 1363 895 1405 tuo,
924 1358 990 1409 qui
1009 1358 1126 1398 voluit
1145 1359 1268 1399 {acere
1286 1360 1526 1411 turpedinem

117 1414 216 1467 patri
244 1419 346 1455 suo?
399 1415 478 1456 Sed
505 1416 600 1456 deus
639 1415 752 1456 faciet
787 1417 883 1456 mihi
911 1417 1117 1458 vindictam
1144 1419 1193 1458 de
1220 1424 1269 1467 te,
1309 1419 1406 1459 sicut
1441 1419 1528 1459 fecit

117 1474 271 1514 cuidam
298 1474 506 1515 vindictam
533 1476 581 1515 de
607 1488 736 1527 porco.
792 1475 894 1516 Dixit
923 1476 1025 1516 Rex:
1055 1477 1259 1526 Quomodo
1285 1478 1379 1518 fuit?
1408 1492 1524 1519 narra
1542 1477 1596 1516 20

118 1533 227 1573 mihi.
280 1534 329 1574 Et
354 1533 419 1574 ina
444 1534 559 1574 dixit:

359 1645 428 1684 12.
463 1639 672 1698 [Reginae
701 1645 862 1695 quarta
890 1645 1100 1685 historia:
1134 1640 1289 1699 Alton]

181 1716 305 1757 vidam
332 1718 499 1769 agricola
525 1718 595 1758 iuit
621 1718 663 1758 in
690 1731 826 1770 agrum
854 1717 1026 1758 suum.¹⁰
1080 1718 1126 1759 Et
1153 1732 1240 1759 ecce
1266 1720 1356 1772 exijt
1383 1733 1450 1760 sus
1476 1721 1525 1761 de

204 1776 371 1817 villa¹¹
411 1790 500 1817 cum
541 1791 684 1828 magna
736 1778 792 1818 ira
832 1783 870 1818 et
908 1778 988 1818 ibat
1026 1778 1264 1829 insequendo
1305 1792 1393 1819 eum
1443 1793 1524 1832 per

117 1835 346 1876 siluam.¹¹
382 1835 555 1876 Homo¹⁸
582 1843 711 1877 autem
739 1837 911 1877 ascendit
938 1837 979 1876 in
999 1838 1176 1877 arborem
1204 1838 1276 1878 fici.
1318 1838 1430 1879 Tunc
1456 1852 1523 1879 sus

210 1942 247 1978 Z.
277 1944 292 1978 1
320 1943 411 1980 Item
434 1944 515 1979 hoe.
540 1964 586 1971 -
610 1945 633 1979 6
657 1955 732 1979 acc.
756 1944 867 1979 illam.

214 2019 228 2040 ¹
239 2020 322 2056 kein
334 2021 492 2066 Auiti-ag
501 2021 554 2057 sn
568 2022 624 2063 (=
633 2022 790 2064 Dina).
805 2042 848 2047 —
864 2020 982 2057 ¹Sand
994 2021 1077 2067 Sg„
1089 2021 1181 2057 Erde
1191 2021 1256 2059 cr.
1266 2024 1322 2064 (=
1332 2023 1400 2065 83),
1412 2023 1524 2058 Staub

115 2073 180 2116 Su,
204 2072 279 2120 CL,
308 2074 430 2110 Steine
464 2075 541 2110 und
576 2075 673 2110 Sand
697 2075 813 2118 SVH,
848 2076 969 2111 Steine
1000 2076 1075 2110 und
1099 2074 1191 2110 Erde
1217 2076 1328 2120 SVB,
1352 2076 1452 2111 SVS.
1477 2097 1523 2103 -

117 2125 133 2147 ⁸
155 2127 245 2163 fehlt
266 2128 320 2163 83.
357 2127 416 2163 Sie
440 2128 568 2164 dachte
591 2128 702 2170 nicht,
728 2128 800 2164 dae
824 2129 889 2164 der
911 2128 1047 2164 Zucker
1069 2128 1127 2164 ihr
1150 2139 1364 2172 genommen
1389 2130 1439 2165 sei
1455 2128 1524 2174 83.

115 2178 181 2217 θ’.
197 2179 258 2217 01.
285 2199 326 2207 -
353 2180 369 2201 ⁴
385 2192 440 2216 ms
459 2197 502 2212 =
523 2182 587 2223 Sn,
611 2183 666 2224 83,
683 2182 759 2226 SV,
784 2181 864 2229 οι·.,
889 2182 979 2217 fehlt
994 2182 1086 2217 auch
1104 2181 1171 2226 83.
1188 2180 1247 2218 01.
1271 2203 1316 2209 -
1343 2181 1359 2202 ⁸
1373 2192 1444 2217 nur
1457 2194 1523 2217 ms.

115 2251 159 2258 —
188 2233 204 2254 ⁸
226 2233 354 2270 Zusntz
378 2246 433 2269 ms
456 2236 514 2277 (=
526 2236 687 2277 Dircen).
713 2256 757 2261 —
787 2235 800 2255 ⁷
817 2234 897 2270 eine
915 2235 995 2270 Kuh
1011 2234 1136 2278 schlug
1153 2234 1205 2270 sie
1230 2245 1301 2271 von
1318 2235 1442 2270 hinten
1460 2235 1522 2279 8η,

114 2286 172 2322 ein
188 2286 292 2323 Ptemd
305 2287 398 2324 stiefi
411 2287 463 2324 sie
474 2298 520 2323 zu
530 2287 652 2324 Boden
664 2289 708 2323 83
720 2290 777 2330 (=
788 2289 945 2331 Dina),
960 2288 1018 2323 ein
1028 2288 1158 2332 junges
1167 2288 1291 2323 Kame]
1301 2287 1522 2323 erschreckte

113 2339 167 2375 sie
182 2339 257 2382 ΒΝ,
281 2340 341 2376 ein
358 2340 455 2377 Ochs
471 2341 688 2377 ilberrannte
704 2341 757 2376 sie
772 2341 827 2386 N3
851 2342 904 2377 sie
926 2341 1000 2376 liefi
1022 2341 1086 2376 das
1102 2340 1187 2376 Geld
1211 2341 1370 2376 aufdem
1387 2340 1523 2376 Μαι-ιω

112 2393 224 2429 fallen
246 2394 323 2430 und
346 2395 509 2431 schfimte
532 2394 620 2437 sich,
645 2406 684 2430 es
708 2395 933 2430 aufzuheben
958 2395 1031 2431 SV.
1058 2415 1102 2421 —
1129 2393 1144 2415 ⁸
1168 2394 1256 2429 fehlt
1279 2394 1347 2438 83.
1363 2393 1519 2435 οῐ.01.;

112 2458 222 2482 m=
238 2448 303 2493 8η,
319 2448 376 2490 83,
395 2448 587 2491 SV(dazu:
615 2459 655 2484 er
670 2449 745 2494 fing
766 2459 812 2483 an
829 2459 874 2483 zu
893 2448 1027 2489 sieben,
1050 2446 1121 2483 dae
1137 2448 1214 2483 sein
1232 2447 1318 2483 Bart
1338 2458 1429 2491 ganz
1445 2458 1520 2483 ver·

112 2500 235 2536 stanbt
252 2502 373 2536 wurde
389 2503 453 2546 Sn,
471 2502 525 2546 83,
542 2501 631 2544 SV).
673 2495 869 2545 Andemng
886 2502 922 2536 in
939 2501 1010 2536 SN
1020 2514 1061 2530 =
1078 2501 1217 2536 Πίνακι
1241 2501 1304 2536 der
1320 2500 1426 2536 Manu
1443 2500 1520 2544 giht

112 2563 225 2590 neues
239 2554 327 2590 Geld
344 2555 419 2590 und
435 2555 488 2590 sie
504 2555 609 2590 kehrt
624 2555 659 2590 in
678 2555 747 2590 den
765 2554 885 2590 Laden
903 2554 1045 2589 zuruck.
1073 2574 1118 2580 —
1146 2553 1242 2589 ’das
1257 2554 1309 2589 sie
1324 2554 1405 2589 dich
1422 2553 1520 2589 nicht

112 2607 273 2643 verdirbt
296 2607 365 2652 83.
381 2607 447 2645 οι·.
462 2607 522 2646 ct.
539 2627 584 2632 —
606 2606 637 2628 ¹⁰
660 2608 749 2644 Eine
772 2607 905 2643 andere
921 2607 1127 2652 Einleitung
1149 2606 1187 2641 in
1211 2607 1275 2649 Sn,
1300 2607 1355 2650 83,
1379 2607 1455 2643 LE.
1472 2626 1518 2634 —

116 2659 149 2682 ¹¹
170 2671 243 2696 nur
264 2673 329 2703 ιιε,
354 2673 421 2697 aus
445 2662 527 2697 dem
552 2661 678 2697 Walde
702 2660 769 2705 83.
794 2660 859 2698 Gr.
884 2660 943 2698 01.
972 2680 1011 2686 -
1043 2659 1073 2680 ¹⁸
1097 2660 1185 2695 fehlt
1209 2659 1276 2704 83.
1300 2659 1365 2697 Or.
1389 2658 1448 2697 cl.
1472 2679 1518 2686 -—

116 2712 149 2734 ¹⁸
169 2714 242 2750 HS
261 2714 531 2760 eigentfimliem
556 2715 615 2750 ein
639 2714 720 2750 Arse
745 2715 806 2756 Sn,
838 2715 891 2756 83,
924 2714 1000 2755 LE,
1031 2714 1104 2755 SN,
1128 2714 1204 2748 SV.

1339 2775 1377 2803 ²·
