1742 3080
827 200 1060 239 -4-

230 326 369 375 senuit,
389 331 428 367 et
446 339 526 367 non
546 330 604 366 est
622 325 698 365 iam
719 323 902 365 fortitudo
920 323 961 364 in
980 337 1028 364 eo
1045 324 1095 364 ad
1113 323 1339 374 regendum.
1386 321 1650 373 Disponamus

229 399 321 439 ergo
347 387 457 426 fedus
493 385 594 425 inter
622 398 713 425 nos:
755 397 825 435 ego
852 383 1081 423 interficiam
1109 396 1213 431 eum,
1241 387 1279 422 et
1306 387 1348 421 tu
1377 381 1483 421 solus
1523 393 1645 431 regna

226 445 389 494 tenebis,
425 450 462 486 et
497 457 569 496 ego
605 457 701 483 vxor
734 448 801 483 tua
838 455 904 483 ero
938 442 1146 492 coniugata
1172 440 1383 493 gaudio.¹
1439 440 1489 480 Vt
1515 444 1646 480 autem

227 505 373 545 audiuit
409 517 505 556 puer
537 505 610 544 hec
644 504 775 552 uerba,
816 507 994 543 comotus
1027 507 1086 542 est
1122 501 1232 542 valde
1265 506 1303 541 et
1339 513 1408 551 pre
1444 499 1565 539 nimia
1591 499 1650 539 ira

182 566 207 605 5
227 564 327 604 oculi
354 564 437 604 eius
456 563 559 615 pleni
579 561 792 614 sanguine’¹
811 567 917 610 sunt,
946 561 1236 612 strinsitque
1264 573 1314 600 os
1342 572 1475 599 suum
1499 558 1651 599 denti-

226 622 342 663 bus⁸
379 628 417 663 et
450 623 524 663 ait:
571 622 747 662 Faciam
786 622 860 661 hec
897 626 964 661 tua
997 621 1119 661 uerba
1158 621 1299 660 amodo
1336 620 1385 660 ad
1420 619 1528 659 .V111.
1569 617 1652 658 dies

86 684 213 725 121201
232 682 414 724 omnibus
455 687 559 722 nota.
574 681 592 703 ⁴
659 682 772 721 Tunc
795 682 801 729 Ι
826 680 1023 732 prospexit
1062 680 1190 732 puella
1224 679 1377 720 iuuenis
1418 678 1535 727 iram;
1576 690 1653 728 qua

228 742 346 782 nimis
374 742 487 782 terita
514 741 608 781 dixit
635 740 676 781 in
704 741 820 781 corde
847 753 938 780 suo:
994 739 1036 779 Si
1063 752 1135 791 ego
1162 752 1243 779 non
1272 738 1461 778 interficio
1488 750 1582 777 eum
1610 736 1652 777 in

228 801 357 842 medio
393 801 558 841 istorum
595 806 742 852 septem
783 799 946 848 dierum,
984 812 1048 839 me
1084 798 1184 838 mori
1221 799 1344 839 faciet.
1400 797 1447 837 Et
1486 796 1654 837 surrexit

159 863 210 903 10
227 860 429 901 confestim
464 865 501 900 et
529 860 640 900 scidit
665 859 894 899 vestimenta
912 871 994 907 sua,
1024 871 1211 910 rumpens
1230 858 1399 910 capillos,
1429 857 1652 896 scindens

226 932 383 972 genas
421 932 529 959 cum
567 917 774 970 vngue,⁶
816 923 853 958 et
891 931 1035 969 magna
1071 931 1165 958 voce
1201 918 1373 957 clamans
1408 915 1567 956 intrauit
1602 916 1652 955 ad

225 992 355 1031 regem
382 984 420 1018 et
447 978 563 1018 dixit:
620 978 704 1018 Rex
732 976 948 1029 magnifiee,
979 990 1112 1017 nonne
1140 976 1268 1016 dixisti
1295 977 1416 1016 filium
1435 981 1547 1015 tuum
1565 987 1652 1014 esse

225 1042 407 1079 mutum?
460 1038 575 1087 Quod
614 1037 711 1077 mihi
750 1050 830 1077 non
867 1036 1017 1076 videtur
1052 1049 1209 1084 uerum3
1247 1049 1338 1076 nam
1375 1036 1450 1076 hoc
1478 1040 1558 1075 tam
1585 1034 1651 1073 diu

227 1111 298 1149 pro
336 1097 525 1137 industria
562 1096 649 1136 fecit
683 1098 806 1137 donec
840 1109 904 1136 me
940 1096 981 1135 in
1019 1095 1239 1136 cubiculum
1277 1095 1398 1143 duxit,
1426 1100 1464 1135 et
1496 1107 1651 1134 mecum

161 1159 210 1198 15
230 1157 489 1197 concumbere
524 1155 701 1207 quesiuit.
765 1156 851 1204 Quo
889 1155 1020 1195 audito
1056 1155 1141 1195 Rex
1174 1156 1352 1195 turbatus
1386 1159 1444 1194 est
1478 1154 1586 1194 valde
1614 1158 1651 1193 et

224 1217 442 1256 accendens
485 1215 583 1255 iram
625 1228 737 1255 suam
780 1216 821 1254 in
858 1214 979 1254 filium
1019 1214 1088 1255 ait:
1153 1215 1216 1254 Ad
1251 1214 1519 1266 inpudentiam
1555 1213 1653 1253 mihi

223 1275 476 1327 inputabitur,
505 1274 536 1315 si
568 1275 645 1314 hoc
671 1288 694 1314 a
721 1287 785 1314 me
812 1274 1039 1314 scandalum
1067 1287 1149 1314 non
1168 1273 1327 1314 eiecero.
1370 1274 1456 1313 Hoc
1473 1274 1648 1313 maximo

224 1335 355 1374 dolore
384 1335 468 1374 Rex
496 1339 672 1375 comotus
701 1333 869 1385 precepit
897 1334 1173 1385 gladiatoribus
1200 1333 1315 1373 morti
1334 1346 1425 1373 eum
1443 1332 1647 1373 confestim

224 1395 374 1434 tradere
401 1399 438 1435 et
466 1399 581 1445 caput
608 1393 689 1433 eius
718 1399 809 1433 ante
837 1393 1074 1445 presentiam
1101 1406 1214 1433 suam
1241 1392 1397 1445 portari.

153 1460 206 1500 20
226 1451 352 1540 Inter
389 1460 462 1499 hec
498 1459 601 1499 mala
636 1458 825 1499 consiliati
864 1465 956 1498 sunt
983 1464 1131 1511 septem
1160 1459 1355 1511 sapientes
1383 1462 1421 1499 et
1449 1458 1647 1499 dixerunt:

296 1518 394 1559 Ecce
421 1518 504 1558 Rex
534 1519 654 1558 filium
682 1519 800 1558 habet
828 1531 948 1558 vnum
977 1523 1015 1558 et
1043 1532 1123 1558 non
1151 1519 1288 1559 alium:
1328 1533 1443 1570 quem
1473 1520 1505 1559 si
1532 1519 1648 1559 hodie

223 1578 324 1618 mori
352 1578 494 1626 fecerit,
522 1591 608 1618 cras
636 1578 833 1630 penitebit,
870 1583 908 1618 et
935 1584 1068 1630 postea
1095 1580 1166 1618 erit
1193 1591 1310 1630 super
1338 1593 1424 1628 nos,
1462 1578 1646 1630 quoniam

223 1651 304 1678 non
333 1637 597 1689 mitigauimus
625 1638 723 1678 iram
752 1638 846 1677 eius.
902 1638 1015 1677 Vnde
1042 1638 1244 1678 ambulent
1271 1652 1338 1678 sex
1368 1640 1416 1679 de
1442 1639 1557 1679 nobis
1582 1638 1647 1689 qui

221 1697 385 1737 liberent
413 1710 577 1750 puerum
605 1711 629 1738 a
656 1697 838 1737 manibus
866 1698 1189 1748 percuciencium,
1218 1703 1255 1738 et
1283 1711 1382 1738 vnus
1402 1703 1536 1750 pergat
1556 1702 1647 1738 ante

153 1756 205 1795 25
224 1770 354 1809 regem
392 1757 457 1808 qui
494 1757 594 1808 regis
632 1757 729 1796 iram
767 1757 922 1808 quietet.
978 1757 1024 1797 Et
1061 1756 1238 1797 uidentes
1266 1758 1427 1798 celerius
1453 1757 1647 1810 sapientes

221 1816 376 1856 iuerunt
403 1817 452 1856 ad
480 1816 723 1856 liberandum
744 1829 907 1868 puerum
926 1830 949 1856 a
968 1816 1195 1868 gladiatoria
1213 1830 1347 1857 manu.
1389 1818 1437 1858 Et
1455 1817 1644 1869 septimus

222 1876 326 1916 venit
352 1882 442 1916 ante
469 1888 599 1927 regem
633 1881 671 1915 et
699 1876 807 1916 flexis
835 1876 999 1928 genibus
1027 1877 1201 1917 adorauit
1230 1890 1321 1917 eum
1349 1882 1387 1917 et
1414 1877 1526 1917 dixit:
1571 1877 1645 1916 Do-

221 1934 327 1975 mine
363 1935 418 1975 mi
447 1935 545 1982 Reiz,
585 1936 770 1987 deprecor
807 1936 886 1975 noli
923 1937 1120 1988 despicere
1157 1936 1293 1976 faciem
1322 1937 1424 1977 serui
1457 1937 1512 1976 tui
1540 1937 1606 1988 qui
1636 1939 1641 1986 Ι

81 1998 210 2038 f.120v
228 1995 332 2046 cupit
368 1995 437 2034 tibi
465 2008 587 2046 pauca
614 1996 767 2035 referre.
823 1996 972 2036 Exaudi
998 1996 1203 2036 consilium
1233 1997 1336 2036 serui
1363 1996 1430 2045 tui,
1459 1996 1645 2048 quoniam

148 2058 203 2097 30
221 2053 416 2105 sapientes
435 2053 598 2094 libenter
617 2055 779 2106 prebent
797 2068 932 2095 aurem
946 2056 995 2095 ad
1010 2055 1232 2104 consilium3
1258 2061 1296 2096 et
1310 2055 1343 2096 si
1355 2061 1459 2096 totus
1479 2057 1644 2108 populus

219 2113 361 2164 aliquid
403 2113 487 2153 sine
528 2114 689 2155 consilio
731 2115 831 2163 facit,
874 2115 1112 2167 imperialem
1147 2121 1278 2155 tamen
1311 2116 1388 2155 hoc
1426 2128 1506 2155 non
1535 2116 1643 2155 decet

218 2172 342 2212 facere
370 2172 620 2214 maiestatem.
678 2174 725 2214 Et
761 2174 862 2214 nosti
891 2175 995 2226 quod
1023 2188 1112 2214 cum
1142 2175 1324 2215 dominus
1352 2174 1459 2216 aliud
1487 2175 1641 2215 iusserit
1704 2211 1706 2213 ,

218 2231 359 2280 statim,
398 2232 453 2272 sic
490 2238 527 2272 et
554 2237 687 2284 postea
714 2233 747 2273 si
775 2234 943 2285 peniteat
971 2234 1186 2286 penituisse
1215 2247 1295 2275 non
1325 2234 1444 2276 iuuat.
1501 2235 1548 2275 Et
1575 2234 1641 2275 ali-

218 2291 373 2342 quando
409 2291 549 2343 cogitat
583 2293 704 2332 homo
734 2294 844 2345 plura
871 2306 956 2334 esse
984 2306 1074 2333 vera
1103 2306 1177 2345 que
1205 2307 1297 2334 vera
1325 2307 1406 2334 non
1434 2299 1538 2334 sunt.
1595 2295 1642 2334 Et

310 2379 346 2415 Z.
367 2381 384 2415 1
411 2390 485 2416 non
504 2384 557 2416 est
568 2381 781 2417 infortitudo
796 2383 832 2417 in
845 2393 940 2418 eum.
954 2403 1000 2409 —
1017 2383 1040 2418 3
1053 2382 1230 2427 coiugata.
1247 2401 1290 2407 -
1306 2383 1351 2418 15
1364 2383 1579 2419 concubere.
1594 2402 1634 2409 -

218 2432 262 2467 16
286 2433 473 2469 accedens.

316 2509 327 2530 ¹
351 2521 422 2546 nur
437 2522 502 2547 ms.
522 2531 564 2537 —
591 2514 606 2537 ¹
631 2522 701 2548 nur
718 2512 796 2548 MS.
819 2531 854 2538 —
886 2511 901 2533 ⁸
926 2512 1005 2548 sein
1018 2512 1129 2548 Mund
1155 2513 1257 2548 faute
1282 2513 1358 2549 sich
1384 2512 1450 2549 mit
1467 2514 1637 2549 Schaum.

217 2562 284 2607 Se.
310 2562 375 2601 Cr.
401 2562 460 2601 cl.
491 2584 525 2590 —
558 2563 574 2585 ⁴
598 2565 696 2601 Naeh
714 2565 933 2612 Compar-etti
957 2565 1086 2611 gehort
1109 2566 1187 2603 dies
1203 2566 1367 2603 Brechen
1391 2567 1454 2603 des
1487 2567 1639 2603 Schwei-

217 2627 306 2660 gens
339 2616 395 2653 ins
432 2617 594 2662 Original
628 2619 932 2665 (Selbstgoeprach
967 2619 1054 2656 aber
1078 2620 1195 2665 SVH,
1221 2621 1337 2664 SVS).
1372 2639 1417 2646 —-
1455 2619 1469 2641 ⁵
1495 2622 1549 2666 Se,
1573 2622 1637 2664 Sn,

217 2669 331 2716 SVH,
357 2671 459 2715 SVS,
484 2671 573 2708 fehlt
598 2672 669 2708 LE
689 2673 764 2708 und
790 2671 857 2717 ss.
882 2671 949 2711 Cr.
974 2672 1036 2710 01.
