1742 3080
282 603 461 660 Incipit
490 603 678 659 ystoria
708 602 764 647 de
794 602 980 659 Septem
1014 603 1324 659 sapientibus.

105 688 217 778 Fvit
251 693 408 745 quidam
435 692 554 740 Rex,¹
592 692 657 743 qui
685 692 909 732 conuocatis
944 699 1090 744 septem
1129 692 1366 744 sapientibus
1400 686 1678 733 nunnus-118¹

191 767 306 794 suum
331 766 463 794 coram
490 752 546 792 eis
574 753 707 792 aduxit
728 758 765 792 et
783 752 1036 792 erudiendum
1055 753 1221 792 tradidit.
1263 753 1372 792 Vnus
1391 758 1520 792 autem

106 827 155 854 cx
179 813 284 865 ipsis,
313 810 584 864 Syndebar²
612 812 782 859 nomine,
814 811 1096 863 diligenter
1123 812 1448 852 conditiones
1475 817 1521 852 et

107 873 255 913 bonas
288 871 611 912 habitationes
643 871 776 923 pueri
804 870 1152 923 contemplatus
1179 871 1262 911 ait:
1309 871 1426 910 Vera
1453 876 1522 910 est

108 932 333 973 iuuentus
374 936 418 972 et
459 930 642 983 puritas
683 930 834 983 pueri,
876 936 920 971 et
956 936 1067 982 puto
1105 931 1226 981 quod
1264 929 1523 981 sapientior
1567 932 1591 969 5

107 991 199 1032 erit
234 1004 370 1042 quam
412 1003 513 1042 eg0‚
555 995 598 1030 et
636 991 771 1030 modo
808 990 929 1030 sciui
957 995 1000 1030 et
1027 989 1116 1029 iam
1144 989 1449 1041 congratulor
1477 989 1522 1028 in

108 1050 343 1103 sapientia
370 1049 493 1098 sua,⁸
521 1062 623 1089 cum
651 1050 874 1098 creuerit,
902 1050 997 1089 dum
1010 1049 1119 1088 video
1138 1049 1228 1100 quia
1247 1062 1326 1088 non
1346 1054 1404 1088 est
1422 1048 1524 1087 simi·

108 1111 155 1150 lis
183 1123 203 1150 s
214 1110 273 1150 ui.
302 1110 495 1149 Dixerunt
513 1109 575 1161 alij
595 1109 806 1160 sapientes:
820 1109 950 1149 Verba
967 1108 1192 1148 Sindebaris
1210 1114 1305 1148 sunt
1324 1113 1363 1147 vt
1380 1107 1524 1154 nubila,

110 1169 292 1217 tonitrua,
329 1169 494 1220 fulgura,
529 1170 686 1220 quando
714 1169 831 1219 [non]
860 1173 917 1208 est
945 1168 1079 1219 ymber
1107 1181 1206 1218 aque
1233 1167 1272 1206 in
1301 1166 1368 1207 eis.
1425 1166 1526 1206 Dixit

111 1229 323 1270 Sindebar:
359 1229 449 1268 Non
486 1227 717 1279 cognoscitis
753 1228 844 1279 quia
875 1228 1064 1279 sapientia
1091 1232 1149 1267 est
1176 1228 1215 1267 in
1243 1226 1403 1266 homine
1429 1225 1528 1266 sicut
1546 1223 1597 1262 10

111 1301 270 1328 muscus
297 1293 336 1328 et
362 1288 526 1328 ambra?
572 1288 657 1336 Que
677 1292 823 1338 quanto
841 1288 927 1339 plus
946 1285 1251 1339 tanguntur‚⁴
1280 1291 1387 1326 tanto
1405 1285 1528 1336 magis

112 1349 209 1388 dant
245 1348 404 1388 odorem
441 1360 569 1387 suum.
634 1347 699 1387 Sic
735 1353 773 1386 et
810 1347 998 1398 sapientia
1047 1347 1173 1398 celum
1215 1345 1373 1386 suscitat
1408 1344 1527 1384 illum.

111 1408 251 1448 Adhuc
265 1407 463 1459 respondit
480 1407 577 1447 alius
596 1411 635 1447 et
652 1406 768 1447 dixit:
798 1407 881 1447 Hec
898 1407 1025 1455 [sunt]
1045 1419 1099 1445 ve
1112 1407 1199 1445 rba
1217 1418 1381 1456 quorum
1400 1404 1529 1444 nullus

112 1472 171 1508 est
199 1467 265 1519 qui
283 1472 490 1518 cognoscat
509 1466 720 1515 veritatem,
750 1479 870 1517 vsque
894 1467 988 1505 dum
1007 1465 1133 1506 videat
1151 1478 1285 1505 eorum
1306 1463 1529 1510 nouissima,

113 1540 187 1567 nec
214 1526 352 1577 aliquis
381 1531 506 1578 potest
533 1539 580 1566 ea
606 1526 776 1574 laudare,
805 1527 929 1566 donec
949 1525 1074 1565 videat
1091 1538 1225 1565 eorum
1246 1524 1376 1571 finem,
1403 1527 1442 1562 et
1459 1523 1532 1562 hec
1550 1522 1598 1561 15

113 1592 228 1627 sunt:
274 1585 394 1626 Nauis
430 1585 470 1625 in
516 1586 651 1638 pelago
687 1586 806 1626 maris
844 1598 967 1637 usque
1004 1586 1098 1624 dum
1135 1585 1251 1624 intrat
1287 1589 1455 1635 portum,
1495 1587 1533 1622 et

114 1646 277 1686 bellator
312 1645 352 1685 in
391 1645 510 1697 prelio
546 1646 671 1686 donec
707 1646 864 1685 reddeat
901 1644 1032 1692 victor,
1070 1650 1107 1684 et
1141 1657 1230 1695 eger
1257 1655 1458 1693 usquequo
1485 1641 1533 1681 de

114 1704 330 1756 egritudine
357 1705 615 1753 conualescat‚
644 1710 682 1745 et
709 1718 903 1772 pregnans
931 1717 1055 1755 usque
1082 1704 1175 1743 dum
1195 1703 1328 1755 pariat,
1357 1709 1394 1742 et
1413 1700 1532 1741 triti-

115 1763 255 1804 cum‘
281 1765 440 1804 donec
466 1769 750 1816 reponatur
778 1765 827 1804 in
856 1764 1016 1804 fouea.
1064 1763 1246 1803 Similiter
1269 1761 1389 1802 uerba
1407 1760 1533 1800 Sindi-

116 1823 221 1864 baris
246 1823 395 1863 laudari
414 1836 495 1863 non
514 1829 690 1875 possunt,
719 1824 844 1864 donec
866 1825 872 1871 Ι
899 1836 1032 1863 eorum
1055 1823 1227 1862 videatur
1245 1822 1413 1861 effectus.
1451 1819 1533 1859 Hec
1549 1824 1603 1863 20
1616 1818 1742 1859 f.118v

113 1883 276 1923 audiens
303 1883 485 1923 Sindibar
512 1883 633 1923 iratus
661 1887 718 1923 est
746 1883 893 1923 valde
883 1897 923 1923 m
952 1882 1077 1922 socios
1105 1882 1274 1932 dixitque
1300 1881 1349 1919 ad
1368 1880 1530 1930 Regem:

118 1943 231 1983 Viuat
270 1942 375 1983 Rex!
432 1943 512 1994 Ego
553 1943 700 1983 docebo
742 1942 863 1982 filium
904 1947 1027 1990 tuum,
1070 1946 1112 1980 ut
1148 1941 1275 1980 vincat
1306 1938 1532 1991 sapientiam

117 2002 294 2042 omnium
330 2002 561 2054 sapientum.
618 2002 696 2042 Sed
732 2003 900 2042 concede
932 2001 1028 2041 mihi
1056 2000 1278 2052 petitionem
1305 1997 1430 2039 cordis
1458 1995 1533 2037 mei

115 2074 235 2112 quam
276 2075 394 2114 posco
434 2075 458 2102 a
498 2067 553 2109 te3
595 2062 733 2113 quodsi
773 2075 853 2101 non
891 2062 1028 2107 secero,
1067 2061 1217 2100 tradam
1254 2058 1371 2098 vitam
1406 2069 1533 2097 meam

116 2121 296 2173 iugulo
331 2127 450 2162 ante
492 2122 712 2173 regalem
749 2119 974 2161 curiam.⁸
1038 2120 1241 2159 Postremo
1276 2116 1418 2158 turbati
1446 2117 1605 2156 sunt25

118 2181 313 2232 sapientes
349 2187 387 2221 et
420 2181 619 2221 dixerunt:
666 2181 835 2221 Perimet
862 2180 988 2231 capita
1015 2184 1147 2219 nostra
1174 2190 1304 2218 coram
1332 2189 1432 2228 rege.
1487 2174 1535 2215 Et

116 2240 357 2281 adiecerunt:
397 2241 688 2281 Manifestemus
716 2240 971 2280 Sindebarem
1008 2251 1094 2279 esse
1126 2237 1340 2289 sapientem
1367 2241 1410 2275 ut
1437 2235 1536 2275 dicta

213 2330 250 2366 Z.
268 2332 291 2365 9
314 2341 389 2366 non
413 2330 512 2366 fehlt.
538 2350 584 2357 —-
613 2331 655 2365 12
680 2330 778 2374 celus
801 2329 930 2365 susim
953 2328 1066 2364 illam.
1092 2346 1138 2353 —
1166 2328 1209 2362 13
1233 2328 1319 2362 sunt
1342 2325 1440 2361 fehlt.

217 2413 230 2434 ²
254 2413 367 2450 Name
390 2414 455 2449 des
479 2413 630 2458 Konigs:
656 2413 768 2449 Bibor
792 2413 870 2456 MS,
897 2412 1015 2456 Κῦρος
1044 2411 1083 2446 in
1107 2410 1253 2446 Persien
1279 2410 1333 2451 Sa,
1358 2407 1466 2444 Aleos
1496 2406 1536 2443 in

119 2467 248 2504 Indien
272 2468 350 2504 LE.
384 2488 430 2492 —
464 2466 479 2487 ²
502 2467 664 2503 Sindban
689 2468 742 2502 Sn
775 2469 834 2509 (an
865 2466 965 2502 einer
988 2465 1097 2500 Stelle
1120 2463 1342 2505 Sindbadin).
1373 2461 1537 2507 Syntipas

121 2522 178 2563 Sa,
202 2521 410 2557 Cendnbete
435 2521 516 2564 LE,
541 2520 714 2556 SindibAd
740 2521 813 2564 SN,
844 2520 956 2561 SVB,
981 2518 1100 2555 SVH.
1135 2536 1177 2543 -
1206 2515 1220 2537 ⁸
1243 2513 1474 2552 abweichend
1498 2513 1536 2549 in

121 2575 193 2611 HS
213 2575 260 2610 ist
283 2574 457 2611 Weisheit
482 2574 546 2610 dae
568 2574 755 2609 Sendabar
779 2573 917 2609 betont.
946 2592 987 2598 -
1014 2571 1030 2592 ⁴
1053 2570 1181 2607 sobald
1206 2580 1291 2605 man
1308 2567 1452 2603 Wasser
1474 2566 1541 2602 auf

121 2629 176 2665 sie
198 2629 344 2664 trauselt
368 2628 436 2673 sg.
461 2627 526 2665 Cr.
551 2627 612 2665 cl.
637 2646 683 2652 —
710 2626 724 2647 ⁶
748 2626 819 2672 vgl.
837 2626 941 2669 Einl„
966 2636 1001 2671 p.
1018 2624 1109 2660 XIV.
1142 2644 1187 2651 —
1214 2622 1230 2644 ⁸
1253 2622 1324 2658 Gut
1347 2620 1421 2657 und
1455 2619 1538 2656 Blut

122 2682 191 2719 sou
216 2682 386 2718 verwirkt
408 2682 489 2718 sein
514 2682 582 2727 Sg.
599 2680 664 2718 Gr.
681 2679 742 2718 cl.
768 2683 851 2722 (nur
875 2679 939 2715 das
965 2678 1086 2715 beben
1111 2678 1165 2720 Se,
1190 2677 1267 2720 Su).

193 2747 382 2781 &mmlnnss
400 2745 713 2775 mittenatetnischer
730 2745 836 2773 Texte.
877 2744 903 2772 4.
1385 2741 1399 2767 l
1459 2777 1461 2779 ‚
