1742 3080
814 171 1077 211 „28-

243 299 489 350 quendam
530 294 872 337 Saracenum.¹
938 293 1042 335 Dixit
1080 294 1181 335 Rex:
1228 294 1299 334 Die
1340 294 1534 346 quomodo
1570 294 1651 334 fuit.

244 359 291 399 Et
317 358 378 398 ille
406 357 478 397 ait:

305 503 372 543 19.
407 497 608 555 [Septimi
639 499 854 552 sapientis
885 499 1077 540 secunda
1104 498 1317 539 historia:
1347 492 1571 551 Gibbosi.]

242 575 354 664 Fvit
381 581 545 632 quedam
572 579 712 621 mulier
738 578 890 618 habens
918 578 1043 617 virum
1071 590 1218 626 senem,
1247 576 1312 628 qui
1340 590 1421 617 non
1441 577 1655 618 dimittebat

328 654 415 681 eam
443 640 546 680 exire
573 639 674 678 foras
693 643 847 690 propter
866 636 1163 689 pulcritudinem
1191 650 1314 677 suam.
1346 637 1414 677 Illa
1440 650 1545 686 uero,
1566 637 1656 688 quia

199 703 223 740 5
243 705 324 741 erat
358 700 507 747 clausa,
545 698 720 738 dolore
734 697 750 719 ⁹
786 697 1114 737 moriebatur.
1175 697 1376 736 Accidit
1409 701 1577 737 autem
1604 702 1656 737 ut

243 764 446 811 rogaret
494 758 652 798 virum
701 770 844 797 suum
885 756 1001 807 quia
1042 757 1247 797 volebat
1284 756 1354 796 ire
1382 756 1430 796 in
1460 758 1655 797 domum

242 819 485 870 magistre
513 830 630 857 sues
669 817 727 856 Et
755 815 884 855 dixit
910 815 973 856 ei:
1011 816 1152 856 Vade.
1207 816 1262 856 Et
1290 816 1379 856 illa
1405 815 1535 856 iuit.⁸
1571 816 1657 864 Que

243 878 336 918 dixit
376 875 647 928 magistre⁴
687 888 794 915 sue:
843 874 1057 915 Domina
1096 873 1245 924 mea)⁵
1281 877 1376 915 vade
1413 880 1450 916 et
1482 875 1656 916 invenias

244 937 339 977 mihi
373 937 574 976 hominem
613 935 678 986 qui
709 935 815 974 ludat
843 940 932 974 ante
959 948 1034 974 me.
1091 935 1203 974 Tunc
1230 935 1413 986 magistra
1439 935 1508 975 iuit
1536 940 1573 975 et
1600 935 1657 975 in-

177 997 227 1036 10
244 997 348 1036 venit
375 1009 495 1036 vnum
523 996 699 1047 gibosum
729 999 925 1034 tenentem
954 993 1106 1034 einbala
1124 999 1162 1034 et
1179 999 1396 1046 tynpanum
1422 1000 1460 1034 et
1478 1008 1547 1046 pro
1566 995 1657 1035 ludo

243 1055 452 1107 accipiebat
479 1055 698 1094 mercedem
726 1067 849 1094 suam.
905 1053 952 1092 Et
980 1053 1088 1093 duxit
1115 1067 1205 1093 eum
1232 1054 1273 1093 in
1292 1055 1464 1095 domum.
1512 1054 1658 1094 Videns

102 1114 231 1156 f.133v
248 1120 378 1155 autem
404 1115 542 1154 mulier
560 1114 624 1154 illa
642 1114 728 1153 feeit
747 1127 836 1153 eum
856 1114 1068 1153 comedere.
1110 1113 1300 1153 Mandens
1318 1113 1446 1165 itaque
1468 1115 1474 1160 Ι
1499 1114 1659 1165 gibosus

245 1174 343 1226 cepit
368 1174 502 1214 ludere
530 1179 567 1213 et
594 1171 860 1224 gratulari.⁶
914 1172 1026 1213 Tunc
1053 1172 1177 1212 induit
1205 1185 1294 1212 eum
1317 1173 1460 1213 femina
1479 1171 1656 1213 serieo²

244 1233 383 1274 vestitu
412 1234 592 1284 deditque
620 1232 654 1272 ei
681 1232 828 1283 premia
855 1246 1009 1284 magna.
1057 1232 1103 1272 Et
1121 1232 1215 1285 abijt
1232 1232 1307 1274 ille.
1353 1233 1465 1282 Quod
1485 1232 1658 1272 videntes

177 1294 225 1334 15
244 1293 307 1345 alij
341 1293 465 1345 gibosi
497 1293 760 1332 dixerunt:
816 1291 938 1340 Quis
972 1291 1111 1331 dedit
1147 1291 1240 1331 tibi
1273 1292 1391 1332 hec?
1446 1292 1537 1332 Ille
1568 1291 1656 1332 ait:

244 1353 457 1392 Vocauit
483 1365 555 1392 me
585 1352 792 1403 quedam
820 1351 1006 1391 femina
1033 1356 1079 1391 et
1104 1351 1208 1391 lusi
1236 1351 1301 1399 ei,
1330 1356 1375 1392 et
1404 1351 1518 1402 quia
1546 1365 1657 1391 con·

244 1412 412 1464 placui
447 1411 568 1460 sibi,
612 1410 748 1451 dedit
788 1410 910 1450 mihi
944 1409 1316 1459 hec,munera.⁸
1370 1411 1559 1451 Dixerunt
1586 1411 1657 1451 illi:

243 1472 349 1512 Vade
376 1477 412 1511 et
441 1471 502 1511 dic
528 1470 677 1510 mulieri
706 1470 760 1510 illi
787 1475 829 1510 ut
857 1469 970 1510 faciat
998 1470 1111 1510 nobis
1133 1470 1258 1518 idem;
1287 1470 1347 1510 sin
1366 1476 1508 1519 autem,
1536 1470 1658 1510 mani·

242 1531 479 1571 festabimus.
547 1531 613 1570 Ille
653 1535 783 1570 autem
824 1529 983 1581 gibosus
1023 1543 1110 1570 cuc
1123 1529 1285 1570 urrit⁹
1325 1535 1362 1570 et
1397 1530 1450 1570 ait
1486 1529 1657 1570 mulieri:

174 1592 226 1632 20
244 1590 422 1639 Domina,
450 1590 601 1630 sodales
629 1590 706 1629 mei
733 1594 868 1641 petunt
895 1589 1027 1629 venire
1053 1594 1092 1629 at
1120 1595 1157 1629 te
1185 1602 1274 1629 cum
1301 1589 1406 1630 iocis.
1454 1589 1552 1629 Dicit
1569 1589 1656 1630 illa:

243 1649 420 1691 Veniant.
476 1649 531 1690 Illi
574 1662 666 1689 uero
707 1653 897 1688 venerunt
937 1653 975 1689 et
1015 1649 1262 1689 comedentes
1301 1649 1395 1701 ebrij
1437 1649 1524 1689 facti
1564 1654 1656 1689 sunt

243 1710 358 1749 nimis
378 1711 450 1759 [et]
463 1709 681 1749 ceciderunt
694 1710 741 1749 de
759 1722 897 1749 mensa
915 1709 964 1749 ob
983 1708 1220 1749 ebrietatem.
1254 1709 1301 1749 Et
1315 1722 1401 1749 ecce
1415 1709 1471 1748 vir
1489 1708 1661 1749 mulieris

243 1769 435 1809 ueniebat.
491 1769 603 1809 Tunc
637 1768 775 1808 mulier
811 1767 943 1809 videns
980 1769 1193 1808 aduentum
1231 1768 1300 1808 viri
1330 1768 1389 1808 sui
1418 1768 1548 1808 dixit
1574 1781 1636 1808 an
1648 1791 1660 1798 -

243 1828 359 1868 cille
396 1841 500 1868 sue:
554 1827 733 1868 Proice
770 1841 855 1868 eos
888 1827 938 1867 in
975 1828 1114 1868 illam
1151 1829 1360 1868 domum.
1415 1828 1510 1868 Illa
1540 1841 1662 1868 uera

173 1891 225 1930 25
244 1888 414 1928 domus
456 1888 606 1939 plena
647 1893 754 1928 erat
794 1888 1000 1939 plumis,
1041 1892 1088 1928 et
1129 1887 1348 1939 proiecti
1386 1887 1437 1928 in
1473 1887 1660 1939 plumis

243 1947 496 1987 submersi
538 1947 765 1987 defuncti
806 1946 979 1987 sunt.10
1034 1947 1204 1987 Veniens
1231 1952 1363 1987 autem
1406 1947 1462 1987 vir
1488 1946 1660 1987 mulieris

336 2041 373 2077 Z.
394 2042 437 2076 13
461 2042 543 2077 lies:
569 2041 762 2086 gratificari
787 2042 875 2078 oder
902 2042 1046 2088 gratari.
1073 2061 1120 2068 -—
1147 2043 1191 2078 18
1216 2042 1334 2078 faciet.
1361 2061 1403 2068 -
1430 2043 1475 2077 22
1501 2044 1537 2077 et
1561 2042 1660 2077 fehlt.

341 2131 353 2152 ²
377 2132 466 2167 fehlt
490 2131 557 2176 Sg.
582 2132 646 2169 Gr.
672 2131 731 2169 01.
770 2153 814 2159 --
854 2131 868 2151 ²
892 2132 945 2168 sie
981 2132 1104 2168 wurde
1140 2131 1362 2177 ungeduldig
1397 2131 1465 2177 Sg.
1490 2131 1570 2178 Gr„
1607 2132 1659 2167 sie

243 2185 445 2230 langweilte
480 2185 555 2221 sich
593 2184 652 2222 01.
689 2206 734 2212 -
774 2184 787 2205 ⁸
824 2185 882 2221 die
918 2196 1031 2231 ganze
1067 2185 1178 2221 Stelle
1211 2185 1303 2221 fehlt
1336 2184 1403 2230 ὃς.
1428 2184 1493 2222 01·.
1519 2184 1578 2222 01.
1614 2206 1658 2212 -

245 2237 260 2259 ⁴
284 2239 381 2275 ihrer
413 2239 518 2283 Magd
552 2238 619 2284 sg.
651 2239 820 2284 (Rediger
850 2250 910 2275 am
943 2239 1087 2275 Raude:
1119 2239 1218 2276 ihrer
1242 2239 1435 2283 watterin)
1459 2238 1539 2285 cn,
1563 2238 1661 2274 ihrer

243 2291 530 2328 Wirtschafterin
556 2292 615 2329 01.
652 2314 697 2319 -
743 2291 758 2313 ⁵
782 2303 852 2329 nur
875 2304 940 2328 ms.
978 2314 1023 2320 —
1062 2292 1076 2313 ⁶
1101 2293 1151 2329 im
1188 2292 1310 2328 Kreise
1342 2303 1387 2329 zu
1421 2296 1550 2328 tanzen
1584 2292 1660 2327 und

243 2356 288 2381 zu
313 2346 447 2392 hnpfen
472 2346 538 2391 Sg.
564 2346 644 2393 Cr„
677 2347 735 2383 bei
760 2347 875 2382 Musik
905 2357 951 2382 zu
988 2351 1118 2383 tanzen
1154 2348 1229 2383 und
1254 2347 1331 2383 sich
1367 2358 1412 2383 zu
1435 2346 1572 2382 drehen
1597 2345 1658 2383 01.

246 2420 290 2426 -
331 2399 343 2420 ⁷
378 2399 505 2435 Zusatz
538 2412 592 2435 ms
628 2400 831 2445 (allgemein
868 2400 927 2436 bei
963 2399 1041 2444 Cr.)
1078 2421 1123 2427 —
1163 2399 1179 2420 ⁸
1203 2400 1292 2436 fehlt
1328 2399 1395 2444 sg.
1421 2399 1486 2437 Gr.
1511 2398 1572 2436 01.
1614 2420 1657 2425 -

247 2451 262 2473 ⁹
286 2453 356 2488 Das
389 2453 501 2498 iunge
533 2453 637 2489 Weib
674 2454 800 2489 sandte
835 2454 1016 2490 abermals
1050 2454 1112 2489 hin
1148 2454 1222 2489 und
1260 2452 1335 2490 liefi
1368 2453 1431 2488 ihn
1464 2452 1581 2493 turen,
1620 2463 1660 2488 er

246 2505 333 2541 aber
367 2505 440 2541 lies
476 2506 541 2543 der
575 2506 705 2542 Hei-rin
742 2517 853 2552 sagen
889 2506 956 2552 sg.
982 2506 1047 2544 Gr.
1072 2506 1131 2544 01.
1169 2508 1221 2550 (er
1256 2506 1386 2552 sprach
1422 2516 1467 2541 zu
1503 2505 1582 2548 ihr).
1611 2526 1653 2531 —

250 2556 280 2579 ¹⁰
304 2559 380 2603 vgl.
405 2559 510 2602 Einl„
535 2571 568 2605 p.
594 2560 656 2595 XV
694 2563 760 2601 (ms
785 2574 828 2590 =
854 2561 888 2595 B
913 2561 997 2595 Nat.
1033 2563 1112 2603 510,
1146 2571 1217 2595 nur
1253 2563 1362 2596 etwas
1399 2558 1654 2600 abweichend).

245 2610 377 2656 83.OE-
402 2611 480 2649 cla
506 2613 571 2649 Die
597 2613 712 2649 Dame
735 2613 841 2649 stand
866 2613 930 2650 auf
951 2613 1018 2649 mit
1041 2613 1138 2649 ihrer
1162 2612 1343 2655 Dienerin,
1369 2612 1421 2648 sie
1445 2615 1573 2657 trugen
1600 2612 1658 2647 die

248 2666 359 2701 Lente
384 2665 421 2701 in
446 2666 551 2702 einen
577 2667 740 2703 anderen
757 2667 876 2703 Raum
901 2667 951 2710 (in
975 2666 1035 2703 ein
1059 2666 1210 2702 anderes
1227 2666 1326 2702 Hans
1343 2665 1431 2711 ὃς).
1473 2665 1562 2701 Dort
1585 2669 1659 2701 ent-
