1742 3080
669 206 924 246 -15-

187 332 228 371 3.
263 325 419 384 [Tertii
449 330 669 383 sapientis
699 333 890 373 secunda
917 333 1127 376 historia:
1159 330 1401 391 Paulum-l

150 403 277 444 vidam
317 402 497 445 iuuenis²
533 404 729 445 adamauit
762 407 957 456 quandam
997 407 1181 449 seminam
1218 409 1437 450 maritatam
1463 415 1502 451 et

175 463 354 515 cupiebat
391 463 508 504 nimis
540 465 800 505 concumbere
839 478 929 505 cum
966 479 1023 507 ea.
1079 467 1191 508 Tunc
1226 469 1330 509 dedit
1357 469 1504 522 premia

88 522 241 563 cuidam
270 521 418 564 ἐἴωθ’
445 528 488 563 ut
514 523 550 563 ei
575 524 767 565 suaderet.
815 524 887 565 Cui
905 525 999 565 dixit
1017 539 1134 567 anus:
1175 527 1309 580 Surge,
1338 528 1502 578 iuuenis,

89 595 204 634 perge
229 583 278 622 ad
306 582 434 622 sorum
454 581 604 623 mariti⁸
622 588 661 623 et
678 596 765 623 eme
782 583 987 635 paliolum⁴
1004 590 1042 625 et
1060 586 1188 626 ducito
1207 588 1255 626 ad
1274 601 1348 627 me.
1389 588 1502 637 Quod

87 642 230 682 factum
266 646 336 682 est.
389 641 504 682 Anus
539 654 635 682 uero
661 644 807 695 accepit
834 643 1017 695 paliolum
1045 650 1083 684 et
1111 645 1294 686 incidit
1322 646 1368 686 in
1399 653 1501 688 tres
1546 656 1573 694 5

86 698 273 753 ρει-1835
311 705 350 741 et
389 700 459 741 iuit
497 702 545 741 ad
580 702 739 742 domum
776 703 913 754 puelle.
978 703 1069 743 Mox
1106 705 1232 756 puella
1265 706 1430 746 surrexit
1465 712 1503 747 et

86 759 245 800 intrauit
278 760 397 800 alium
433 760 662 809 thalamum,
701 766 744 801 ut
780 762 894 802 ferret
928 762 1092 814 panem⁸
1127 765 1264 804 vetule.
1321 765 1367 805 Et
1403 778 1502 806 anus

86 819 214 871 posuit
254 819 438 871 paliolum
477 832 622 872 supra
661 820 832 861 sedile‘¹
874 821 914 861 in
952 835 1028 873 quo
1062 829 1315 863 consueuerat
1341 825 1502 865 maritus

85 879 220 918 sedere
256 884 294 918 et
320 892 345 919 a
371 880 489 919 domo
517 880 687 920 recessit.
744 880 859 920 Venit
893 882 1055 922 maritus
1082 895 1170 922 sero
1197 887 1235 922 et
1262 883 1359 923 sedit
1387 897 1502 935 super

85 937 204 978 sedile
229 937 270 977 in
300 951 377 989 quo
405 945 660 979 consueuerat
696 945 852 991 propter
879 940 1023 991 palium
1052 942 1155 992 quod
1182 947 1263 981 erat
1291 943 1427 982 subtus
1446 956 1500 983 se.
1522 950 1573 988 10

84 997 198 1046 Quod
212 997 369 1038 abstulit
384 1003 423 1038 et
449 998 654 1050 cognouit⁸
679 999 770 1050 quia
795 1005 878 1039 erat
896 1000 990 1040 illud
1008 1001 1110 1051 quod
1130 1002 1352 1041 vendiderat
1370 1001 1501 1042 iuueni
1544 1052 1546 1055 ι

84 1056 256 1108 dixitque
283 1056 323 1096 in
351 1058 468 1097 corde
495 1071 588 1098 suo:
623 1058 776 1099 Reuera
803 1059 1011 1099 concubuit
1030 1073 1118 1099 cum
1140 1073 1255 1100 vxore
1273 1074 1381 1109 mea3
1409 1061 1501 1101 emit

84 1118 188 1156 enim
230 1116 334 1157 hanc
373 1123 519 1158 vestem
562 1132 586 1158 a
625 1131 690 1158 me
723 1124 761 1158 et
794 1118 936 1159 oblitus
970 1125 1028 1159 est
1055 1133 1141 1159 eam
1169 1120 1243 1159 hie.
1298 1120 1345 1160 Et
1371 1121 1500 1160 statim

83 1176 304 1216 uerberauit
341 1190 500 1217 vxorem
546 1183 585 1218 et
624 1178 782 1230 proiecit
825 1191 911 1218 eam
946 1180 994 1218 de
1026 1180 1143 1218 domo
1171 1184 1218 1218 et
1245 1193 1345 1219 non
1373 1180 1499 1220 dixit

84 1234 275 1286 (ζου-ε)
328 1236 465 1276 Mulier
505 1242 636 1277 autem
677 1237 844 1288 perrexit
886 1239 934 1278 ad
974 1239 1134 1278 domum
1174 1239 1293 1290 patris
1326 1239 1397 1279 sui.
1452 1239 1500 1278 Et
1522 1244 1569 1282 15

83 1307 184 1334 anus
220 1301 353 1336 secuta
390 1301 449 1336 est
484 1309 571 1336 eam
608 1302 646 1337 et
683 1297 779 1337 dixit
805 1297 876 1337 illi:
917 1298 1020 1346 Quid
1048 1298 1150 1337 enim
1180 1304 1250 1346 est,
1279 1298 1357 1338 filia
1385 1302 1499 1339 mea?

82 1354 135 1394 At
157 1354 240 1395 issa:
281 1355 350 1394 Vir
366 1368 478 1396 meus
497 1356 716 1397 uerberauit
739 1370 803 1397 me
826 1358 833 1404 Ι
856 1362 894 1397 et
913 1357 1043 1397 nescio
1062 1370 1191 1409 quare.
1239 1359 1285 1398 Et
1310 1360 1361 1398 ait
1380 1371 1494 1398 anus:
1510 1361 1640 1402 f.126v

82 1413 180 1454 Veni
214 1427 368 1465 mecum
401 1417 457 1455 ad
494 1417 732 1467 quendam
761 1417 931 1456 bonum
961 1430 1121 1457 senem
1150 1418 1229 1468 qui
1256 1419 1397 1458 mittit
1425 1432 1498 1470 pa-

81 1485 178 1513 cem
205 1474 251 1514 in
279 1474 428 1514 virum
456 1480 501 1515 et
527 1475 828 1516 mulierem.¹⁰
871 1476 919 1516 Et
946 1489 1110 1528 surgens
1137 1478 1303 1528 perrexit
1330 1490 1418 1517 cum
1437 1491 1495 1519 ea.

81 1532 195 1573 Tunc
233 1546 334 1573 anus
373 1534 483 1574 duxit
522 1548 608 1574 eam
650 1535 698 1575 ad
739 1536 921 1575 iuuenem
964 1541 1011 1575 et
1050 1536 1238 1576 clausit
1273 1537 1566 1579 hostium20

81 1598 193 1643 post
221 1592 382 1633 eam.¹¹
417 1594 574 1634 quenis
600 1607 695 1634 uero
721 1594 976 1647 amplexiatus
1003 1601 1061 1635 est
1088 1608 1172 1635 eam
1201 1602 1239 1635 et
1266 1596 1380 1636 iacuit
1407 1609 1495 1636 cum

80 1665 138 1692 ea.
193 1652 260 1693 ma
289 1665 383 1692 uero
410 1653 538 1693 timuit
564 1654 734 1694 clamare
761 1667 830 1706 pre
844 1654 1090 1706 turpitudine.
1131 1655 1223 1695 Post
1249 1655 1321 1695 hec
1339 1668 1495 1695 reuersa

80 1717 139 1752 est
176 1712 310 1752 dolore
346 1712 479 1764 plena,
517 1713 755 1764 quoniam
795 1713 952 1753 illusa
985 1713 1150 1754 erat.¹¹
1203 1714 1339 1754 Vetula
1365 1720 1494 1754 autem

174 1801 212 1836 Ζ.
230 1802 253 1836 2
276 1802 490 1837 concubere.
516 1821 558 1828 —
589 1803 608 1837 7
627 1806 669 1838 ut
692 1803 793 1838 feret.
812 1822 855 1828 —-
885 1803 929 1838 12
947 1803 1003 1839 Re
1018 1806 1158 1839 natura„
1184 1824 1229 1830 —
1257 1804 1301 1839 18
1316 1803 1362 1838 ad
1384 1813 1494 1848 qnan-

78 1855 174 1891 dam.
200 1874 247 1880 -
271 1855 318 1890 23
342 1855 465 1891 illuxa.

176 1937 189 1959 ¹
213 1933 274 1970 ein
297 1933 402 1969 rnrst
425 1933 464 1969 in
489 1934 555 1969 der
577 1934 680 1969 Stadt
704 1933 782 1979 Ray
798 1934 872 1970 SN.
920 1934 1033 1970 Scene
1057 1934 1095 1969 in
1111 1933 1258 1979 Bagdad
1275 1934 1353 1976 (mit
1368 1933 1494 1979 langer

78 1986 296 2033 Einleitung)
311 1987 421 2031 SVB,
439 1987 556 2023 SVH.
573 2007 619 2013 —
638 1985 654 2006 ²
669 1987 750 2022 eine
766 1987 969 2022 Nachbarin
986 1989 1049 2029 Sn,
1072 1988 1152 2023 eine
1169 1987 1261 2023 Fran
1278 1988 1327 2023 im
1340 1988 1492 2032 eigenen

78 2039 210 2082 Haase,
236 2040 294 2076 die
317 2040 425 2076 einen
441 2040 602 2076 anderen
619 2040 831 2076 Vertrauten
852 2041 1055 2076 verwendet
1078 2042 1150 2076 SN.
1175 2060 1221 2067 —
1248 2040 1333 2076 ⁸ein
1349 2041 1491 2077 Seiden-

77 2094 231 2130 Mndler
261 2094 369 2138 SVB,
398 2094 507 2130 SVS.
535 2111 576 2119 —·
605 2093 621 2114 ⁴
644 2094 750 2129 einen
781 2093 942 2129 Schleier
964 2095 1037 2129 SV.
1064 2115 1108 2121 —
1136 2093 1152 2114 ⁸
1175 2094 1288 2130 salsch
1320 2097 1405 2129 statt
1429 2094 1492 2130 des

78 2147 319 2183 Anbrennens
343 2147 444 2190 (fehlt
470 2147 558 2190 SN).
584 2167 630 2174 -—
656 2146 672 2167 ⁰
696 2148 756 2182 Me
774 2162 818 2177 =
832 2148 898 2182 SN
919 2148 1006 2190 (und
1031 2148 1212 2191 Anthene),
1236 2147 1324 2183 fehlt
1347 2148 1410 2188 Sn,
1435 2148 1490 2191 8⁸,

78 2202 159 2245 LE,
182 2201 285 2237 SVS.
311 2219 355 2225 —
385 2200 399 2221 ⁷
415 2203 521 2236 unter
543 2200 613 2236 den
639 2200 797 2246 Teppich
822 2199 890 2245 Sg.
907 2200 972 2237 Cr.
988 2200 1063 2247 ct„
1085 2204 1192 2236 unter
1206 2200 1271 2236 das
1288 2200 1413 2236 Kissen
1429 2201 1492 2236 dae

77 2253 255 2300 Teppichs
278 2254 388 2299 SVB,
412 2253 517 2296 SVS,
541 2257 648 2290 unter
671 2254 736 2290 das
763 2254 978 2299 Kopfkissen
1008 2254 1071 2298 Sn,
1098 2255 1152 2294 Se,
1177 2255 1256 2298 LE,
1280 2254 1354 2295 SN,
1379 2254 1492 2288 SVH.

77 2327 126 2334 —
151 2306 167 2328 ⁸
189 2307 248 2343 die
271 2307 492 2353 Erkennung
514 2307 616 2343 nicht
639 2311 800 2352 genannt
824 2308 886 2343 Sn.
913 2327 958 2334 —
985 2306 1000 2327 ⁹
1020 2319 1074 2342 ms
1089 2321 1131 2336 =
1145 2308 1208 2352 Sn,
1234 2308 1289 2349 Sa,
1314 2307 1393 2351 ΒΕ,
1416 2307 1491 2352 SN,

77 2361 153 2402 SV,
179 2361 268 2396 fehlt
291 2360 359 2405 Sg.
381 2360 446 2398 Gr.
470 2360 530 2398 cl.
557 2380 599 2387 —
629 2359 659 2381 ¹⁶
681 2361 759 2405 vgl.
777 2360 881 2402 nint„
906 2371 940 2406 p.
955 2360 1049 2401 xvh
1075 2359 1280 2407 me=Cr.,
1304 2370 1348 2395 zu
1372 2359 1490 2395 einern

76 2414 235 2450 anderen
252 2414 395 2456 Ianne,
418 2414 485 2450 der
507 2415 631 2450 booeer
654 2415 699 2450 ist
724 2414 777 2450 als
797 2414 902 2459 jener
925 2414 999 2449 und
1025 2413 1186 2449 eheliche
1211 2412 1319 2448 Liebe
1344 2412 1407 2448 ssbt
1422 2412 1490 2456 ὃς.

77 2467 248 2513 (lindiffer
270 2479 331 2504 am
355 2468 498 2504 Raude:
523 2468 598 2504 und
623 2468 689 2503 der
711 2467 820 2503 Liebe
844 2467 921 2503 halt
941 2467 1118 2502 zwischen
1140 2466 1249 2502 Manu
1271 2466 1346 2501 und
1368 2465 1489 2507 Frank

76 2531 122 2556 zu
138 2532 170 2556 e.
187 2521 348 2557 anderen
364 2521 507 2564 Hanne,
523 2521 589 2557 der
604 2521 728 2556 bassei·
750 2521 805 2556 als
829 2531 869 2556 er
891 2520 938 2556 ist
954 2521 1028 2555 und
1045 2520 1153 2555 Liebe
1169 2520 1299 2555 scham
1314 2519 1490 2554 zwischen

76 2574 188 2610 Hnnn
211 2575 287 2611 und
311 2574 405 2610 Fran
430 2573 490 2621 cl,
521 2585 565 2610 zu
589 2574 708 2610 einem
733 2573 830 2615 Arzt,
856 2584 918 2609 um
943 2584 1028 2609 vom
1053 2573 1194 2608 Zauber
1215 2583 1259 2608 zu
1284 2572 1401 2607 heilen
1428 2572 1489 2615 Su,

78 2628 132 2670 Se,
150 2629 222 2670 ΒΝ,
246 2639 292 2664 zu
308 2628 426 2664 einem
443 2628 575 2663 weisen
592 2628 774 2673 Ratgeber
789 2638 903 2670 gegen
923 2626 1157 2663 Verleumder
1172 2627 1249 2667 LE,
1266 2625 1303 2661 in
1323 2626 1352 2661 S
1358 2626 1390 2659 V
1402 2624 1489 2660 allae

76 2681 248 2726 scando-t
272 2681 389 2723 (Rosse
414 2681 478 2716 der
502 2681 656 2723 Mutter).
686 2699 734 2706 -
770 2679 799 2701 ¹¹
822 2691 878 2715 ms
901 2694 942 2709 =
966 2681 1134 2715 Auberee.
1162 2698 1202 2704 —
1234 2677 1265 2699 ¹¹
1287 2678 1412 2714 Zusatz
1436 2688 1490 2711 ms

73 2733 252 2780 (dagessen
276 2734 574 2770 Einverstfindnis
597 2734 662 2770 der
686 2735 779 2769 Fran
804 2735 878 2778 SN,
902 2734 1010 2778 SVB,
1034 2734 1167 2775 SVH).
