1742 3080
690 202 950 242 -27-

110 333 261 371 supra
301 321 515 373 pallium
553 322 707 374 Tyrio
753 324 972 366 distinta
1017 327 1209 369 murice
1254 335 1300 369 et
1343 330 1518 372 circha

110 386 274 432 pectus
301 394 326 420 a
351 381 575 422 sumitate
601 382 708 422 colli
736 396 945 435 purpura
971 386 1194 427 deaurata
1227 389 1283 428 de
1309 388 1518 430 bombice

110 444 242 479 veste
269 439 641 481 candidissima.¹
696 441 843 483 Deinde
869 443 1043 484 circuiuit
1069 451 1188 486 totam
1208 446 1342 487 faciem
1370 449 1518 489 int'ula

108 498 298 550 absque
338 498 553 548 oeulis‚¹
594 506 641 540 vt
682 514 778 541 non
822 501 1084 544 videretur
1126 507 1384 547 masculus
1432 509 1517 548 sed

108 558 342 610 speciosa
373 558 526 610 virgo.
593 559 686 600 Hoc
726 561 856 601 facto
896 564 1126 603 ostendit
1163 565 1208 604 ei
1250 566 1516 607 mulierum

108 617 308 669 vestigia
347 622 391 658 et
430 630 616 669 passuS,
657 620 850 660 territos
890 634 1034 662 sonus
1071 628 1114 662 et
1151 623 1324 664 blanda
1361 626 1515 667 uerba.

107 676 165 716 Et
204 677 291 717 ait:
343 677 485 717 Moue
525 677 709 718 blande
747 680 955 730 gradum
995 686 1043 721 vt
1087 682 1277 723 videns.
1337 683 1392 724 Et
1431 685 1517 725 ille

106 735 269 776 adhuc
303 735 541 776 indoctus
576 737 870 778 ambulabat
906 745 1080 780 erecto
1115 741 1251 781 collo
1278 747 1325 782 et
1353 744 1516 784 veloci

106 807 258 835 cursu.
325 795 452 835 Anus
484 795 606 836 irata
632 797 842 837 minabat
869 798 928 847 ei,
958 801 1147 840 tandem
1187 801 1345 841 docuit
1380 802 1517 843 eum.⁸

105 854 193 903 Quo
219 854 333 894 docto
361 855 526 906 perrexit
554 868 653 895 anus
681 857 729 896 ad
757 857 962 909 coniugem
989 858 1088 898 illius
1116 860 1257 900 semine
1283 866 1321 900 et
1349 861 1400 900 ita
1426 874 1515 902 eum
1538 863 1586 902 10

105 913 318 965 aloquitur:
365 914 604 954 Honorande
639 916 814 964 domine,
856 922 988 957 tuam
1024 918 1202 969 flagito
1230 919 1514 970 pietatem,⁴

104 972 195 1024 quia
233 986 323 1013 sum
358 973 502 1014 femina
541 974 666 1021 vidua,
710 981 747 1015 et
787 976 858 1016 hec
893 981 951 1016 est
987 977 1082 1016 mihi
1119 978 1194 1018 filia
1235 991 1334 1020 cara.
1402 980 1515 1020 Nunc

104 1038 233 1073 autem
266 1032 357 1084 quia
390 1033 516 1074 habeo
554 1047 711 1085 pergere
747 1035 788 1075 in
827 1036 1020 1076 ciuitatem
1048 1037 1162 1076 aliam
1190 1039 1247 1077 ad
1275 1051 1407 1078 meos
1436 1053 1513 1090 pa·

103 1091 326 1140 rentes,⁸
361 1092 522 1133 audiens
551 1094 654 1143 quod
687 1099 752 1134 tua
780 1108 875 1135 vxor
901 1101 959 1135 est
987 1101 1093 1136 casta
1119 1103 1250 1137 mente
1276 1103 1314 1137 et
1340 1098 1512 1138 moribus

101 1164 147 1192 ac
172 1157 306 1192 sancte
332 1165 445 1192 mens
472 1151 724 1204 simplicitatis
752 1159 790 1194 et
817 1155 907 1205 quia
935 1155 1052 1195 timeo
1069 1169 1155 1195 eam
1175 1156 1281 1196 alteri
1301 1158 1510 1205 comittere,
1534 1157 1580 1196 15

102 1211 135 1250 si
174 1211 297 1262 placet
334 1211 403 1251 tibi
436 1212 535 1252 duco
572 1225 659 1252 eam
692 1214 810 1253 modo
843 1213 882 1253 in
918 1214 1077 1254 domum
1106 1220 1224 1263 tuam,
1266 1222 1303 1255 et
1331 1217 1511 1257 omnibus

101 1270 281 1322 expensis
308 1271 405 1311 meis
433 1271 575 1312 seruiat
604 1272 713 1312 vxori
740 1278 815 1313 tue.
871 1273 954 1313 Hec
981 1274 1141 1314 audiens
1169 1275 1230 1314 ille
1250 1275 1356 1315 valde
1374 1277 1510 1316 letatus

102 1329 174 1369 ait:
220 1329 401 1378 Domina,
430 1344 512 1382 pro
541 1337 618 1371 tua
645 1331 784 1371 etatis
811 1334 1086 1373 reuerencia
1113 1339 1156 1373 et
1179 1333 1271 1374 tuis
1294 1336 1509 1386 precibus

101 1393 266 1429 motus
311 1395 357 1429 et
402 1390 519 1441 quia
563 1403 776 1431 necesse
816 1397 891 1431 est
937 1392 1057 1431 mihi
1098 1405 1251 1444 super
1289 1406 1509 1434 mensam

101 1461 255 1489 meam
296 1449 485 1490 habere
523 1449 574 1490 in
607 1463 713 1491 meo
738 1453 744 1498 Ι
768 1452 1013 1503 obsequio
1044 1465 1214 1503 puram
1243 1451 1639 1504 puellam,‘f.l33‘

101 1507 197 1548 facio
238 1513 344 1548 tuam
386 1509 633 1550 voluntatem.
697 1510 810 1550 Tunc
849 1524 948 1551 anus
988 1511 1164 1562 gauisa
1204 1513 1432 1552 cucurrit
1471 1514 1573 1553 et21

100 1567 210 1607 duxit
242 1567 424 1608 iuuenem
458 1569 497 1608 in
526 1570 686 1609 domum
714 1569 883 1609 hominis
918 1576 965 1610 et
991 1571 1220 1611 mulieris
1248 1577 1294 1611 et
1320 1572 1390 1611 ait
1416 1572 1508 1612 eis:

100 1626 238 1667 Hanc
272 1627 424 1667 filiam
459 1641 610 1669 meam
644 1634 799 1669 vestre
827 1629 937 1669 fidei
966 1631 1203 1670 comend0.
1259 1630 1356 1679 Quo
1384 1631 1509 1671 dicto

101 1685 399 1727 valedicens
444 1686 608 1740 abijt.⁷
679 1689 771 1728 Mox
823 1702 943 1729 senex
987 1689 1207 1729 inclusit
1253 1702 1356 1729 eam
1402 1703 1508 1730 cum

101 1745 282 1786 vxore.⁸
334 1747 482 1787 Deinde
508 1747 578 1788 iuit
605 1753 642 1788 et
669 1749 756 1788 fecit
783 1749 942 1800 negocia
970 1762 1052 1789 sua.
1099 1749 1210 1788 Tunc
1236 1749 1386 1788 iuuenis
1410 1749 1508 1789 dete·
1528 1751 1578 1789 25

101 1804 158 1844 xit
185 1805 322 1846 faciem
358 1819 469 1846 suam
503 1812 542 1847 et
576 1808 743 1848 ostendit
774 1821 816 1848 se
843 1809 1005 1848 mulieri.
1060 1809 1165 1857 Quo
1192 1809 1302 1848 uiso
1328 1808 1510 1848 mulier

101 1865 378 1916 premirata
418 1871 513 1915 est,
556 1867 725 1908 deinde
764 1868 940 1919 ganisa
980 1868 1068 1908 ait:
1130 1867 1351 1907 Dilectio
1386 1880 1507 1915 mea,

99 1937 215 1976 spes
251 1939 377 1973 mea,
415 1926 635 1967 venisti?
687 1926 818 1966 Olim
856 1927 1128 1979 concupiui
1156 1932 1202 1966 te
1229 1939 1437 1966 cernere
1463 1932 1510 1967 et

100 1989 152 2023 ut
186 1997 292 2024 meo
326 1989 375 2024 te
411 1985 558 2026 dares
592 1986 894 2038 conspectui
927 2000 1032 2026 meo
1063 1987 1284 2037 angebar
1310 1985 1510 2026 amore!

99 2042 254 2083 quenis
288 2049 418 2084 autem
436 2044 508 2085 ville
542 2045 699 2097 gauisus
734 2051 793 2085 est
825 2059 914 2086 cum
949 2059 995 2086 ea
1021 2045 1278 2097 aliquantibus
1311 2045 1446 2085 diebus
1473 2050 1509 2084 et
1526 2046 1580 2084 30

98 2115 232 2143 secum
272 2103 352 2143 fuit.
396 2126 443 2133 —
485 2105 586 2152 Ideo,
628 2105 784 2145 domine
824 2105 924 2152 Rex,
969 2105 1045 2145 vita
1083 2105 1280 2156 ingenium
1321 2104 1503 2144 mulieris.

99 2161 284 2202 Videas
322 2176 382 2202 ne
422 2164 646 2215 decipiat
682 2169 748 2213 te,
790 2169 842 2203 ut
868 2165 1079 2215 quedam
1106 2164 1288 2204 mulier
1314 2164 1510 2215 decepit

1561 569 1587 608 25!

193 2269 230 2305 Ζ.
240 2270 264 2305 8
272 2270 410 2306 doctus.
424 2289 466 2297 -
480 2271 577 2307 10ad
588 2272 765 2316 coiugere.
776 2292 820 2298 —
834 2272 878 2307 19
888 2274 924 2306 et
935 2271 1038 2316 quasi
1047 2282 1124 2307 nec.
1134 2274 1199 2306 est.
1211 2291 1255 2298 —
1265 2271 1311 2306 29
1321 2270 1508 2315 augebam.

196 2370 209 2392 ¹
231 2371 464 2408 Ausfflhrlich
488 2383 558 2408 nur
581 2385 645 2414 mn,
670 2372 759 2408 allae
782 2373 872 2408 fehlt
896 2372 964 2417 Sg.
980 2370 1045 2409 Cr.
1062 2370 1121 2408 cl.
1149 2393 1192 2398 —
1220 2371 1234 2391 ²
1258 2371 1310 2406 sie
1335 2370 1509 2406 verbullte

97 2425 362 2467 (verschleierte
376 2425 442 2463 Cr.
454 2424 526 2468 cl.)
551 2426 630 2461 sein
654 2426 798 2462 Goeicht
822 2437 874 2468 so,
899 2425 971 2461 das
997 2436 1068 2461 nur
1092 2425 1150 2461 die
1173 2424 1301 2469 Augen
1335 2423 1400 2459 frei
1434 2425 1509 2466 (un-

98 2478 257 2514 verstellt
279 2477 350 2521 cl.)
375 2478 517 2514 blieben
543 2478 611 2523 St.
628 2479 693 2516 Gr.
707 2477 767 2516 Cl.
785 2500 829 2506 —
849 2478 863 2499 ⁸
880 2479 963 2514 Dioe
986 2479 1075 2514 alles
1100 2489 1170 2513 nur
1192 2478 1231 2513 in
1255 2489 1309 2512 ma
1331 2487 1375 2512 zu
1400 2477 1507 2512 lesen.

99 2552 144 2559 -
170 2531 186 2552 ⁴
208 2531 267 2567 ich
290 2532 382 2568 bitte
404 2532 486 2568 dich
504 2531 572 2577 Sg.
590 2531 670 2578 Gr„
687 2532 789 2574 (fehlt
805 2531 878 2573 el.)
895 2553 940 2559 —
968 2531 983 2552 ⁵
1006 2542 1077 2567 nur
1092 2542 1156 2567 ma.
1175 2552 1219 2558 —
1246 2530 1261 2551 ⁸
1278 2530 1510 2573 Ausmhmng

99 2595 172 2622 von
194 2597 260 2622 m.
285 2606 330 2612 —
359 2585 373 2606 ⁷
394 2585 453 2621 Sie
477 2586 597 2621 mhi-te
619 2586 671 2621 sie
695 2586 760 2621 hin
784 2585 859 2621 und
883 2586 934 2621 sie
959 2585 1056 2620 blieb
1081 2585 1126 2619 da
1149 2584 1216 2628 sg.
1233 2583 1314 2630 Gr„
1347 2583 1405 2619 die
1428 2582 1509 2618 Alte

98 2638 247 2675 brachte
275 2638 328 2674 sie
352 2639 390 2674 in
422 2638 488 2674 das
511 2638 612 2674 Hans
636 2639 699 2675 des
724 2638 832 2674 Alten
863 2639 937 2674 und
962 2649 1048 2673 man
1074 2638 1184 2673 nahm
1217 2637 1270 2672 sie
1293 2636 1358 2673 auf
1378 2635 1437 2673 Gl.
1463 2655 1508 2662 —

100 2690 116 2712 ⁸
138 2701 209 2727 nur
230 2703 295 2727 me.
324 2713 369 2719 —
395 2691 411 2712 ⁹
434 2691 532 2728 dieee
556 2691 775 2737 Begrufiung
799 2702 870 2727 nur
892 2692 930 2727 in
955 2703 1020 2726 ms.
