1742 3080
791 191 1052 229 ...16-

222 317 311 358 iuit¹
340 318 389 357 ad
416 317 577 356 domum
615 314 744 355 mariti
781 319 818 354 et
851 313 1000 354 inuenit
1027 326 1118 353 eum
1146 313 1199 353 ibi
1225 318 1263 353 et
1290 312 1396 353 fleuit
1423 313 1510 353 alte.
1564 313 1635 353 Cui

219 378 296 418 vir:
327 377 404 416 Cur
434 377 531 416 fles?
579 375 682 414 Dixit
703 387 819 415 anus:
850 373 947 413 Veni
965 373 1044 412 huc
1063 372 1205 413 nudius
1224 373 1366 413 tercius
1385 377 1422 413 et
1441 373 1634 425 inportaui

219 437 260 477 in
287 449 408 476 manu
436 449 525 475 mea
552 434 708 487 pallium
738 446 859 473 vnum
887 433 1067 473 adustum
1088 432 1129 472 in
1149 433 1273 472 tribus
1291 433 1479 485 partibus,
1507 434 1637 484 quod

219 496 333 537 mihi
361 495 491 535 dedit
517 494 703 546 quidam
732 492 938 541 iuuenis,
969 498 1013 532 vt
1039 497 1280 544 portarem
1308 493 1364 532 ad
1391 491 1639 538 sutorem*

175 561 265 601 5at
306 554 470 595 nescio
511 554 549 594 si
592 553 668 594 hic
710 552 865 593 dimisi
907 565 1009 592 eum
1046 553 1120 593 uel
1157 551 1305 592 alibi.⁸
1360 552 1416 591 Et
1447 552 1640 591 iuuenis

220 615 362 655 cuius
399 619 502 654 erat
552 612 858 653 criminatur
895 610 1001 652 me.⁴
1055 612 1103 652 Et
1135 612 1217 652 ille:
1266 611 1510 652 Turbasti
1544 624 1637 659 me;

220 676 347 714 vnde
384 673 482 714 feci
518 674 647 713 mala
682 671 890 723 coniugi
927 670 1064 712 mee.⁶
1118 672 1232 711 Tunc
1268 671 1372 711 dedit
1398 671 1433 710 ei
1460 669 1640 723 pallium‘

220 734 400 784 misitque
438 734 486 773 ad
521 745 680 787 onrem
714 737 752 771 et
789 732 876 771 fecit
914 744 1001 771 eam
1029 731 1159 771 venire
1186 732 1234 770 ad
1263 744 1305 770 se
1333 744 1436 770 cum
1464 743 1640 781 magno

221 791 381 834 don0.⁷
413 816 460 822 —
490 793 591 840 Ideo,
629 791 786 831 domine
823 791 919 839 Rex,
963 791 1040 831 vita
1074 791 1262 831 fallaciam
1290 790 1474 830 mulieris.
1530 790 1641 830 Tunc

154 859 204 897 10
222 852 392 905 precepit
419 852 503 891 Rex
532 865 613 892 non
643 850 763 891 occidi
791 850 913 890 filium
943 863 1072 892 suurn.

222 911 397 999 Interea
412 918 515 958 venit
543 916 681 957 mulier
709 916 771 956 die
799 921 937 967 quarta
964 921 1002 956 et
1039 916 1155 956 dixit:
1189 916 1378 956 Ostendat
1406 917 1501 955 deus
1529 916 1577 954 de
1605 920 1642 954 te

291 977 388 1018 sicut
416 978 463 1017 de
491 977 624 1028 syrnia.
681 975 784 1015 Dixit
811 976 913 1016 Rex:
942 976 1147 1024 Quomodo
1174 976 1245 1015 fuit
1272 976 1320 1015 de
1348 975 1441 1016 illa?
1487 975 1538 1014 At
1567 975 1640 1014 ille.

473 1088 513 1127 9.
547 1084 758 1138 [Reginae
788 1086 928 1126 tertia
957 1086 1167 1126 historia:
1199 1064 1379 1139 simiai]

221 1155 334 1243 Fvit
369 1161 534 1211 quedam
574 1161 715 1200 turba
750 1173 804 1199 ru
818 1158 1091 1200 sticorum.⁸
1144 1160 1192 1199 Et
1219 1164 1408 1199 venerunt
1444 1157 1580 1198 noete⁹
1606 1163 1645 1198 et

156 1220 204 1259 15
309 1221 548 1271 aplicuerunt
570 1220 610 1259 in
639 1221 756 1260 domo
784 1233 859 1260 vna
887 1220 927 1259 in
957 1220 1126 1270 quodam
1154 1217 1294 1270 vico,¹⁰
1322 1218 1390 1258 ubi
1417 1223 1499 1258 erat
1527 1217 1644 1258 fur.¹²

223 1280 270 1319 Et
288 1285 502 1332 posuerunt
520 1279 692 1319 sarcinas
711 1280 757 1319 in
786 1280 944 1319 medio
964 1280 980 1318 f
984 1278 1119 1327 στοβ*
1138 1284 1177 1319 et
1194 1278 1266 1330 ipsi
1284 1278 1461 1318 iacebant
1480 1277 1640 1318 circum-

81 1338 205 1379 f.127r
223 1352 386 1391 quaque.
429 1338 664 1380 Animalia¹⁸
682 1353 775 1379 uero
800 1342 806 1387 Ι
831 1340 986 1379 stabant
1002 1339 1067 1378 ibi.
1102 1339 1198 1379 Sero
1216 1338 1320 1378 venit
1337 1339 1410 1387 leo,
1430 1343 1472 1377 ut
1490 1343 1643 1389 caperet

224 1401 272 1439 de
290 1398 534 1447 animalibus,
555 1404 592 1439 et
611 1400 737 1439 stabat
755 1399 804 1438 in
824 1399 977 1438 medio
1006 1412 1025 1438 s
1038 1397 1292 1438 ellorum¹⁴
1320 1399 1444 1438 donec
1461 1397 1642 1437 homines

224 1459 420 1499 traderent
439 1472 481 1499 se
500 1459 641 1510 sopori.
683 1459 835 1498 Interea
862 1458 923 1498 fur
940 1458 1039 1510 cepit
1066 1458 1107 1498 in
1128 1459 1293 1498 obscuro
1322 1463 1480 1509 tangere
1499 1458 1642 1497 sellos

155 1517 208 1556 20
226 1523 263 1558 et
282 1518 412 1570 posuit
430 1531 592 1558 manum
613 1531 731 1570 super
749 1517 946 1558 leonem¹⁵
966 1524 1003 1558 et
1022 1517 1208 1569 equitauit
1226 1530 1343 1569 super
1361 1530 1463 1557 eum.
1493 1516 1645 1557 Teritus

224 1578 286 1618 leo
314 1578 412 1630 cepit
439 1579 569 1629 fugere
597 1584 634 1618 et
661 1578 794 1618 exiens
822 1578 925 1618 foras
953 1579 1003 1618 ad
1038 1578 1185 1617 lunam.
1243 1577 1463 1628 Vidensque
1489 1576 1644 1616 leonem

227 1638 352 1678 timuit
378 1639 611 1678 descendere
639 1639 687 1677 de
714 1639 829 1678 dorso
859 1637 955 1686 eius,
984 1651 1035 1677 ne
1062 1650 1153 1677 eum
1182 1637 1384 1685 occideret,
1410 1641 1448 1676 et
1474 1636 1557 1688 ipse
1583 1636 1644 1675 leo

226 1697 384 1738 timebat
411 1698 612 1737 hominem
639 1698 883 1749 fugiebatque
912 1711 1002 1737 cum
1029 1710 1088 1737 eo.
1144 1697 1192 1736 Et
1220 1697 1328 1736 duxit
1347 1710 1438 1736 eum
1457 1697 1531 1736 sub
1551 1709 1645 1747 qua-

320 1780 357 1816 Z.
375 1781 398 1815 8
422 1780 607 1825 mixitque.
642 1800 677 1806 —
708 1782 750 1816 18
774 1781 962 1816 sollorum.

324 1857 336 1878 ²
364 1858 435 1893 Der
467 1858 660 1894 Verffihrer
692 1859 764 1894 will
803 1858 874 1894 den
911 1858 1062 1893 Frieden
1103 1857 1430 1894 wiederherstellen
1471 1858 1545 1901 (Sn,
1590 1858 1644 1892 Ss.

228 1912 318 1955 SNJ·
334 1912 408 1946 und
434 1911 498 1946 der
530 1911 702 1956 Jnngling
733 1912 823 1948 wird
854 1923 938 1948 zurn
975 1912 1106 1948 Manno
1137 1911 1452 1957 vorausgeschickt
1494 1910 1646 1954 (aberall

227 1963 341 2000 ausser
373 1965 451 2007 MS,
488 1965 576 2007 ΒΝ).
620 1986 665 1991 -
706 1968 721 1990 ²
757 1966 855 2001 diese
891 1965 999 2001 Stelle
1036 1965 1126 2001 fehlt
1162 1976 1232 2001 nur
1262 1966 1333 2001 MS
1367 1964 1446 2010 (Sg.
1471 1962 1536 2001 Gr.
1562 1964 1646 2007 ch),

228 2018 301 2062 SN,
334 2018 429 2053 steht
453 2018 546 2053 auch
572 2018 610 2053 in
635 2019 698 2054 der
722 2020 891 2054 Auberee.
927 2040 974 2045 —
1009 2018 1022 2039 ³
1047 2018 1107 2054 ich
1130 2019 1266 2063 vergat}
1297 2019 1363 2054 ihn
1386 2018 1465 2053 hier
1488 2017 1555 2062 Sg.
1581 2017 1647 2054 Gr.

227 2069 287 2107 cl.
312 2089 355 2095 —
385 2069 400 2090 ⁴
424 2070 513 2106 fehlt
537 2070 604 2116 Sg.
631 2071 695 2108 Gr.
721 2071 796 2119 01„
821 2073 915 2108 auch
940 2074 1020 2108 LE'.
1049 2093 1095 2099 —
1126 2071 1141 2093 ⁶
1164 2083 1276 2107 ms=
1291 2073 1354 2114 Sn,
1379 2073 1434 2115 Ss,
1461 2072 1558 2106 SVB
1582 2072 1648 2114 (als

228 2124 397 2169 Monolog
420 2124 458 2159 in
477 2124 594 2169 SVH,
612 2126 640 2161 S
647 2127 729 2171 VS),
748 2126 838 2162 fehlt
854 2127 946 2162 auch
967 2127 1047 2168 LE,
1067 2127 1139 2162 SN.
1180 2126 1280 2162 Naeh
1297 2126 1361 2161 der
1376 2120 1567 2170 Ubergabe
1583 2126 1647 2161 des

228 2177 380 2213 Mantels
410 2178 562 2214 erkennt
587 2179 650 2214 der
675 2179 784 2215 Manu
816 2180 915 2215 seine
948 2180 1082 2216 Schuld
1107 2179 1174 2224 Sg.
1192 2179 1257 2217 Gr.
1275 2178 1336 2217 cl.
1365 2199 1408 2205 -
1434 2178 1449 2199 ⁶
1473 2179 1648 2214 zunachst

227 2231 311 2267 dem
326 2230 565 2268 Ausbesserer
579 2232 688 2274 SVB,
708 2234 737 2268 S
742 2234 822 2270 VH.
839 2234 899 2259 —⁷
911 2234 1002 2269 fehlt
1014 2233 1081 2278 Sg.
1096 2233 1160 2271 Gr.
1174 2233 1249 2280 cl„
1260 2234 1331 2269 LE
1340 2236 1454 2277 (ms-2
1465 2233 1649 2275 Aubme).

230 2303 276 2310 —
303 2283 317 2305 ⁸
341 2284 493 2320 uberali:
530 2285 610 2321 eine
635 2286 823 2323 Karavane
848 2298 921 2322 von
953 2287 1183 2323 Kaufleuten.
1211 2306 1254 2313 -
1281 2285 1297 2307 ⁹
1320 2286 1379 2322 bei
1402 2286 1650 2321 stromendem

229 2338 355 2383 Regen
380 2339 458 2374 LE.
485 2358 530 2365 —-
559 2338 589 2359 ¹⁰
613 2339 650 2375 in
684 2341 784 2376 einer
808 2341 992 2386 Herberge
1022 2340 1088 2376 mit
1118 2341 1256 2376 offener
1278 2340 1353 2376 Tur
1375 2341 1432 2381 Ss.
1462 2340 1499 2374 in
1530 2339 1650 2375 einem

230 2390 369 2437 grofien
394 2391 533 2434 Gehoft,
560 2393 687 2429 dessen
704 2394 777 2429 Tor
801 2394 895 2430 offen
922 2394 1028 2430 stand
1054 2395 1116 2435 Sn,
1141 2394 1260 2430 neben
1285 2394 1405 2429 einem
1422 2393 1546 2429 Flusse
1571 2394 1649 2434 SN;

229 2455 278 2480 an
303 2444 421 2480 einem
446 2438 803 2491 Ubemachtungsort
827 2448 894 2492 Sg.
912 2447 977 2485 Gr.
995 2447 1055 2485 cl.
1079 2467 1118 2473 —
1147 2446 1177 2468 ¹¹
1202 2457 1355 2483 nameus
1378 2446 1496 2482 Sal’uk
1523 2447 1649 2482 SN.—

235 2496 265 2518 ¹²
288 2498 338 2534 im
364 2499 586 2543 πανδοχεῖον
610 2501 675 2542 88.,
702 2501 740 2535 in
765 2500 822 2536 die
848 2501 947 2537 Mitte
971 2501 1039 2546 Sg.
1053 2500 1117 2538 Gr.
1131 2500 1191 2538 (21.
1218 2520 1261 2526 —
1291 2499 1321 2521 ¹⁸
1344 2500 1425 2536 Esel
1442 2499 1517 2546 cl„
1543 2500 1652 2535 Manl-

231 2551 320 2587 tiere
344 2551 408 2596 Sn,
434 2552 487 2588 Ss,
518 2571 556 2578 -
588 2552 617 2573 ¹⁴
642 2553 769 2590 mitten
800 2555 851 2590 im
877 2554 968 2590 Hofe
982 2555 1064 2602 Sg„
1099 2555 1138 2590 in
1162 2554 1299 2598 einiger
1322 2553 1546 2598 Entfernung
1571 2553 1651 2599 Gr„

232 2604 424 2640 innerhalb
448 2605 512 2641 der
528 2605 767 2650 Umzaununp,
791 2607 851 2645 cl.
869 2628 914 2633 —
944 2607 974 2629 ¹⁶
1000 2609 1079 2644 weil
1103 2619 1144 2644 er
1172 2609 1237 2644 ihu
1262 2607 1320 2643 fur
1343 2607 1403 2643 ein
1433 2607 1517 2643 sehr
1548 2607 1652 2643 fettes

231 2657 315 2694 Tier
331 2658 419 2694 hielt
435 2660 498 2704 Sn,
523 2660 579 2705 Ss,
598 2661 669 2695 LE
692 2661 763 2703 (fiir
778 2662 836 2697 ein
854 2662 938 2698 sehr
961 2662 1099 2698 starkae
1115 2661 1199 2698 Tier
1222 2660 1290 2706 Sg.
1308 2659 1374 2698 Gr.
1390 2659 1474 2704 GL).
